3586 5640
309 786 417 873 cxxi]
700 801 789 852 oeus
810 800 971 852 enarrem
1293 787 1359 851 293

307 979 344 1042 in
367 1000 433 1064 qua
462 998 530 1042 non
560 978 605 1042 sit
627 976 820 1056 dubitati03
851 976 1004 1042 similiter
1027 998 1087 1042 nec
1110 976 1150 1041 de
1173 975 1254 1039 aliis,
1312 975 1358 1039 Et

307 1080 381 1146 ideo
417 1102 486 1145 non
523 1079 589 1144 fuit
611 1079 732 1144 mirum
754 1079 783 1144 si
813 1099 881 1144 non
912 1077 1048 1144 fuerunt
1071 1077 1141 1144 haec
1175 1077 1358 1142 certificata

307 1182 509 1268 temporibus
547 1181 688 1248 ecclesiae
722 1181 909 1267 primitivae,
950 1179 1082 1265 quando
1121 1178 1358 1245 mathematica

306 1285 524 1370 reputabatur
557 1284 645 1349 inter
678 1289 766 1348 artes
800 1286 966 1369 suspectas
989 1287 1024 1347 et
1055 1281 1192 1347 inutiles
1220 1280 1285 1346 Dei
1307 1302 1357 1345 ec-

307 1387 425 1466 clesiae,
457 1388 543 1452 sicut
583 1387 697 1461 multae
738 1385 813 1452 aliae
851 1385 1006 1462 scientiae,
1042 1391 1176 1473 propter
1210 1383 1357 1470 quinque

309 1490 456 1556 rationes
478 1490 514 1553 in
537 1489 645 1576 prima
668 1495 762 1576 parte
785 1488 977 1574 assignatas.

354 1591 508 1676 Synodus
538 1588 640 1678 ergo¹
677 1590 816 1656 Niceena
849 1590 996 1656 decrevit
1029 1589 1159 1676 cyclum
1191 1589 1359 1655 observari
1372 1591 1428 1642 The
1439 1591 1510 1670 &⁰¹0

309 1693 389 1758 dum
411 1693 547 1759 haberet
569 1693 757 1773 veritatem,
781 1699 816 1759 et
850 1695 928 1779 quia
959 1694 1026 1759 illis
1060 1693 1265 1780 temporibus
1292 1714 1359 1757 non
1371 1657 1520 1776 {pgpznitllly

307 1796 431 1862 fefellit.
492 1797 659 1864 Caeterum
693 1796 840 1862 decrevit
873 1795 935 1862 hoc
965 1796 1080 1876 teneri,
1126 1800 1173 1861 ut.
1196 1796 1360 1860 vitaretur
1370 1791 1482 1870 decime
1494 1791 1524 1840 οἷ

307 1899 474 1965 eontentio
507 1899 522 1985 j
575 1905 610 1964 ta
644 1904 744 1985 caput
778 1898 962 1984 cujuslibet,
989 1899 1092 1966 donec
1129 1898 1291 1964 accideret
1323 1897 1358 1962 in
1371 1858 1516 1979 liffeim

308 2002 441 2067 ecclesia
463 2002 527 2068 Dei
550 2006 698 2088 potestus
720 2001 971 2080 mathematicae,
995 2023 1062 2086 qua
1092 2000 1265 2066 certificari
1287 2023 1360 2088 pos·

307 2110 386 2169 eunt
409 2104 519 2169 omnia
542 2103 718 2188 dequibus
741 2109 792 2168 est
814 2103 959 2189 quaestio.
1007 2103 1119 2168 Minus
1134 2102 1222 2168 enim
1237 2103 1361 2168 melum

309 2207 452 2272 estsine
475 2206 720 2292 comparatione
753 2228 857 2271 unum
887 2191 1123 2272 inconveniens
1154 2205 1197 2270 ad
1230 2210 1360 2292 tempus

308 2309 441 2373 tolerari
464 2313 598 2394 propter
624 2308 924 2394 impossibilitatem
957 2308 1103 2387 remedii,
1136 2330 1238 2394 quam
1270 2307 1360 2393 quod

308 2410 449 2494 quilibet
487 2411 674 2496 opinionem
723 2432 816 2475 suam
863 2411 1050 2498 promulget
1099 2433 1192 2497 aeque
1233 2411 1358 2491 salsam,

307 2513 392 2577 sicut
416 2519 466 2577 est
488 2512 554 2589 illa,
579 2535 653 2598 quae
675 2514 718 2578 ab
741 2514 895 2578 omnibus
918 2514 1136 2579 communiter
1168 2514 1358 2579 sustinetur.

309 2615 354 2679 Et
385 2616 432 2679 sic
462 2614 611 2700 loquitur
643 2613 742 2680 Beda
803 2615 892 2680 Nam
926 2615 1016 2694 dicit,
1059 2639 1133 2682 cum
1166 2616 1281 2681 lunam
1313 2617 1359 2681 sic

307 2717 485 2782 secundum
508 2717 591 2802 cycli
614 2717 778 2782 rationem
800 2717 986 2804 signabant,
1016 2718 1107 2782 aliud
1138 2719 1244 2805 majus
1275 2718 1360 2803 peri-

307 2819 417 2884 culum
439 2842 497 2906 per
519 2819 581 2885 hoc
612 2819 882 2900 declinaverunt;
914 2826 948 2885 et
983 2820 1071 2905 quod
1095 2819 1186 2883 Beda
1216 2819 1360 2884 adduxit

306 2921 499 2987 miraculum
515 2921 788 2988 considerandum
803 2927 863 2999 est,
879 2923 968 3008 quod
983 2921 1048 2986 illis
1064 2920 1269 3008 temporibus
1291 2943 1359 2986 non

306 3023 371 3104 fuit
394 3046 483 3090 error
504 3024 542 3089 in
574 3025 675 3113 cyclo,
710 3029 750 3090 ut
782 3025 996 3090 manifestum
1029 3029 1086 3089 est.
1146 3022 1213 3088 Sed
1245 3028 1360 3109 postea

305 3127 410 3191 crevit
432 3133 467 3193 et
489 3128 642 3214 apparuit
664 3127 870 3194 sensibiliter.

352 3227 449 3307 Quod
471 3230 574 3293 etiam
596 3230 732 3295 adducit
763 3229 949 3317 exemplum
984 3229 1025 3294 de
1058 3226 1168 3315 lapide
1191 3227 1360 3305 Selenite?

307 3329 400 3416 cujus
422 3331 545 3397 candor
566 3332 683 3397 crescit
705 3355 778 3398 oum
812 3333 893 3397 luna
924 3332 1022 3419 primi
1054 3331 1185 3413 mensis,
1218 3331 1273 3398 vel
1303 3331 1359 3398 de·

308 3433 431 3511 crescit,
469 3456 528 3520 per
561 3457 636 3520 quae
667 3442 890 3523 cognoverunt
923 3435 1108 3522 antiquitus
1145 3435 1360 3522 primationee

309 3533 489 3615 Paschales,
512 3537 604 3602 istud
625 3558 693 3603 non
715 3543 766 3603 est
788 3538 1043 3625 procy010,niei
1066 3537 1146 3606 dum
1169 3539 1287 3603 babuit
1303 3561 1359 3603 ve-

307 3635 451 3718 ritatem,
475 3637 532 3702 eed
555 3639 660 3726 magis
683 3640 903 3704 contrarium:
928 3641 1007 3724 quia
1028 3640 1084 3705 ille
1106 3639 1190 3726 lapis
1213 3640 1360 3705 ostendit

306 3740 402 3805 nobis
424 3762 541 3805 verum
563 3741 798 3826 aequincctium
829 3746 864 3807 et
886 3747 1037 3828 quartam
1061 3741 1221 3807 decimam
1245 3742 1358 3806 lunam

308 3842 497 3908 Peschalem
519 3844 556 3908 in
579 3865 626 3925 ee,
642 3844 698 3910 vel
712 3850 787 3931 post
809 3844 926 3931 ipsum,
942 3845 1135 3909 sumendam
1157 3844 1194 3908 in
1216 3845 1359 3908 termino

306 3945 448 4011 Paschae.
495 3945 590 4026 Quod
614 3969 681 4011 non
703 3951 813 4034 potest
836 3947 889 4011 hio
921 3948 1033 4032 cyclus
1068 3945 1119 4012 his
1151 3947 1357 4033 temporibus

305 4047 418 4128 facere,
451 4069 511 4113 nec
543 4069 688 4133 unquam
721 4048 828 4128 faciet,
860 4070 921 4114 nee
952 4049 1030 4114 feeit
1064 4047 1145 4114 diu⁸
1191 4050 1357 4114 Caeterum

306 4149 398 4215 Beda
419 4150 485 4216 fnit
507 4170 606 4237 prope
629 4149 800 4216 exordium
824 4151 929 4238 cycli,
951 4173 1028 4216 nam
1052 4151 1123 4237 ipse
1145 4151 1181 4216 in
1203 4157 1357 4239 computo
1370 4151 1523 4220 Bede'aage.

304 4273 362 4316 suo
386 4252 486 4319 refert
509 4275 543 4318 se
576 4258 656 4318 tune
692 4253 843 4340 attigisse
879 4275 1003 4319 annum
1034 4253 1170 4320 Domini
1192 4255 1356 4342 septinge-

339 4565 425 4632 Ἢν]
444 4565 530 4632 initur,
542 4568 573 4618 B·
890 4565 978 4634 mu]
997 4565 1041 4619 uu
1056 4574 1101 4629 at,
1113 4567 1144 4620 n.
1157 4567 1189 4621 r.

337 4644 477 4713 meeum]
497 4646 609 4710 saeue,
621 4647 651 4700 n.
