3586 5640
451 736 516 801 222
828 751 956 802 000001
979 749 1126 801 mcoms
1414 736 1504 824 [oar.

448 925 546 992 luna:
585 925 664 1013 quia
700 927 944 1013 quartadecima
981 927 1047 992 fuit
1085 947 1190 1014 agnus
1228 925 1359 993 occisus
1414 926 1504 995 Nam

448 1030 679 1096 oomedebatur
708 1035 783 1118 post
811 1051 960 1096 oooasum
982 1030 1068 1110 solis,
1093 1052 1113 1095 a
1135 1051 1201 1116 quo
1224 1050 1340 1094 oooasu
1369 1030 1504 1118 insipie-

448 1131 507 1196 bet
548 1131 618 1202 dies
655 1132 898 1219 quintadecima
929 1137 964 1198 et
1001 1131 1246 1217 quintadecima
1278 1131 1377 1198 luna:
1424 1154 1502 1221 ergo

447 1239 526 1300 ante
548 1235 707 1301 desimam
730 1237 882 1321 quintam
904 1235 969 1301 fuit
992 1236 1113 1301 oeoisus
1136 1234 1300 1301 Salvator.

493 1336 631 1418 Iterum,
655 1338 824 1404 Johannes
845 1343 962 1403 octavo
985 1337 1114 1403 decimo
1134 1337 1241 1424 [28.]2
1266 1336 1375 1403 “Non
1398 1338 1502 1405 intro·

449 1440 600 1505 “ierunt
626 1442 841 1528 pretorium,'
859 1447 897 1505 ut
931 1462 998 1505 non
1030 1442 1347 1520 contaminarentur,
1378 1443 1437 1508 sed
1462 1449 1502 1509 ut

449 1548 466 1576 “
490 1543 727 1609 manducarent
751 1543 905 1608 Pascha.''
954 1543 1000 1608 Et
1023 1544 1073 1610 ita
1097 1544 1133 1608 in
1157 1565 1292 1632 vespere
1315 1549 1391 1631 post
1421 1545 1500 1612 Pas-

447 1645 570 1710 sionem
594 1647 876 1711 manducaverunt
892 1645 1036 1726 Pascha3
1060 1650 1095 1710 et
1117 1651 1199 1711 tuno
1221 1647 1340 1732 incipit
1363 1647 1500 1731 quinta·

447 1747 573 1812 decima
603 1748 691 1830 luna,
726 1754 761 1813 et
799 1770 866 1813 non
911 1753 997 1814 ante.
1054 1747 1141 1813 Item
1172 1748 1195 1813 J
1197 1748 1342 1812 ohannes
1375 1749 1500 1814 decimo

446 1872 533 1915 nono
569 1851 672 1939 [31.]:
709 1851 833 1916 “Erat
866 1855 977 1916 autem
1011 1872 1185 1937 parasceue
1220 1850 1389 1931 Paschae,'’
1423 1873 1501 1939 ergo

446 1953 559 2018 eadem
597 1954 651 2020 die
688 1954 732 2019 ad
768 1975 939 2042 vesperam
976 1958 1180 2041 paraverunt
1213 1951 1350 2018 Pascha
1413 1954 1500 2020 Item

447 2168 464 2193 “
486 2159 692 2240 Judaeorum,
716 2161 795 2246 quia
814 2159 916 2246 juxta
933 2164 1005 2224 erat
1028 2166 1288 2240 monumentum,
1311 2166 1501 2246 posuerunt

445 2269 463 2297 “
482 2261 505 2326 J
507 2285 598 2328 esum
610 2289 618 2343 ;
629 2261 647 2288 ''
662 2267 698 2327 et
720 2262 795 2328 ideo
818 2262 1082 2327 acceleraverunt
1097 2262 1310 2349 sepulturam,
1327 2283 1369 2327 ne
1393 2263 1429 2328 in
1446 2263 1500 2329 die

444 2365 688 2449 quintadecima
709 2365 890 2451 sepelirent.
946 2363 1034 2428 Nam
1058 2365 1093 2428 in
1125 2364 1180 2428 die
1202 2365 1407 2450 Azymorum
1431 2388 1499 2432 non

443 2468 634 2554 sepelissent
658 2467 753 2546 Eum,
778 2466 1006 2552 quianullum
1037 2466 1240 2553 sepeliebant
1261 2467 1297 2532 in
1324 2469 1498 2557 praecipuis

443 2568 543 2650 festis,
560 2570 645 2633 sicut
665 2574 715 2633 est
731 2569 800 2633 dies
816 2568 1029 2653 Azymorum,
1047 2574 1081 2633 et
1104 2568 1312 2657 Scenopegia,
1336 2574 1371 2635 et
1384 2569 1498 2658 hujus·

442 2672 542 2737 modi.
590 2672 678 2736 Item
694 2671 729 2736 in
746 2671 836 2736 Luca
851 2668 875 2736 :¹
904 2670 981 2736 “Et
995 2677 1199 2738 revertentes
1221 2672 1374 2737 mulieres
1392 2673 1497 2739 indie

444 2781 462 2808 “
486 2773 717 2840 Crucifixionis
747 2777 948 2862 paraverunt
981 2777 1137 2851 aromata,
1162 2779 1196 2839 et
1228 2774 1377 2841 Sabbato
1399 2776 1497 2841 silue

443 2883 461 2912 “
483 2882 563 2942 runt
578 2877 758 2943 secundum
774 2873 998 2942 mandatum.”
1044 2876 1110 2942 Sed
1125 2898 1193 2942 non
1208 2877 1303 2942 licuit
1318 2878 1365 2942 eis
1381 2899 1497 2965 parare

442 2986 590 3047 aromata
628 2982 663 3045 in
701 2981 754 3045 die
790 2979 1005 3066 'Azymorum
1052 2978 1140 3043 Nam
1164 2979 1275 3045 Exodi
1302 2980 1497 3046 duodecimo

441 3085 481 3149 de
497 3085 603 3172 prima
618 3089 653 3149 et
668 3083 787 3148 ultima
803 3083 856 3148 die
872 3083 1076 3168 Azymorum
1100 3082 1223 3146 dieitur
1240 3081 1345 3170 [16.]:
1371 3082 1498 3148 “Nihil

443 3189 589 3273 “operis
626 3186 752 3251 facietis
787 3187 823 3249 in
857 3187 912 3264 eis,
948 3185 1093 3272 exceptis
1138 3185 1190 3248 his
1231 3207 1305 3270 quae
1345 3187 1387 3250 ad
1424 3207 1497 3251 ves·

443 3295 460 3324 “
483 3291 621 3354 cendum
645 3288 841 3375 pertinentff'
876 3289 1085 3374 Quapropter
1106 3287 1240 3352 videtur
1262 3287 1351 3373 quod
1382 3288 1496 3353 Domi·

443 3415 505 3457 nus
557 3391 623 3456 fuit
687 3413 800 3477 passus
848 3390 1094 3476 quartadecima
1131 3391 1218 3454 luna
1290 3390 1337 3455 Et
1388 3392 1496 3478 figura

440 3496 540 3562 debet
578 3495 772 3581 respondere
807 3493 952 3558 veritati.
998 3492 1065 3558 Sed
1099 3514 1204 3578 agnus
1235 3492 1400 3558 Pasolralis
1430 3493 1496 3561 fuit

440 3601 562 3665 oooisus
596 3599 632 3662 in
655 3599 725 3684 lege
748 3597 993 3682 quartadecima
1015 3596 1095 3660 luna
1118 3617 1253 3682 semper.
1299 3596 1346 3661 Et
1376 3597 1404 3660 si
1435 3597 1497 3663 hoo

439 3709 490 3769 est
512 3725 637 3782 verum,
661 3711 741 3766 tuno
764 3700 926 3765 Dominus
949 3699 1112 3784 praevenit
1134 3697 1286 3784 Azyma3
1317 3722 1394 3764 nam
1415 3700 1497 3766 oele·

438 3807 549 3872 brevit
588 3827 714 3871 ooenam
745 3804 781 3868 in
825 3803 973 3888 Azymis
1013 3802 1190 3867 secundum
1228 3803 1318 3888 quod
1363 3803 1496 3868 eeclesia

440 3912 634 3976 Latinorum
672 3908 788 3987 utitur,
835 3905 1033 3970 auctoritate
1078 3905 1234 3992 principis
1271 3905 1494 3992 apostolorum

439 4014 575 4091 fulcita3
602 4034 700 4097 quam
724 4031 827 4095 usque
850 4030 938 4072 nuno
961 4011 1073 4072 secuta
1096 4013 1147 4072 est
1170 4007 1321 4072 Romana
1351 4008 1493 4090 eeclesia,

439 4122 473 4180 et
496 4119 568 4178 tota
591 4112 802 4178 occidentalis
825 4110 959 4176 ecclesia
981 4108 1139 4174 similiter.
1173 4109 1218 4174 Et
1240 4111 1390 4197 oportuit
1405 4112 1493 4196 quod

439 4219 636 4304 praeveniret
674 4219 808 4300 propter
843 4213 1032 4276 Passionem
1071 4233 1171 4275 suam.
1218 4212 1264 4276 Et
1298 4213 1407 4300 plures
1440 4214 1494 4279 hio

438 4324 537 4409 periti
576 4323 611 4385 in
649 4318 850 4384 astronomia
887 4319 1066 4382 voluerunt
1111 4318 1261 4383 invenire
1306 4320 1493 4384 lunationes

438 4428 523 4491 oiroa
560 4430 689 4507 ternpus
716 4421 879 4485 Passionis
917 4421 953 4483 in
992 4421 1082 4485 omni
1127 4443 1223 4502 anno,
1254 4443 1275 4486 a
1312 4422 1493 4487 nativitate

439 4527 584 4606 Domini,
607 4545 710 4609 usque
733 4545 846 4588 versus
869 4523 1011 4608 triginta
1042 4545 1145 4588 annos
1178 4524 1232 4590 vel
1263 4525 1493 4610 quadraginta

837 4724 843 4754 ¹
856 4722 940 4790 Luco]
952 4723 1026 4774 xxiii.
1038 4729 1077 4776 56.
