3586 5640
307 776 423 869 nuru]
696 795 783 846 orus
805 796 966 847 rramuu.
1294 785 1357 850 261

305 957 449 1022 cundum
473 957 684 1041 Horatium,¹
709 961 787 1046 quia
802 959 908 1025 simile
935 966 985 1026 est
1008 959 1185 1048 praedictis,
1201 961 1259 1028 sed
1281 984 1361 1028 usus

305 1057 466 1143 producit
538 1061 760 1147 Excipiuntur
797 1062 962 1143 Anthene,
1000 1062 1171 1148 Mitylene,
1195 1063 1293 1130 Siene
1323 1063 1360 1128 in

305 1160 485 1241 Ezechiele,
515 1168 679 1247 quatenus
711 1164 747 1227 in
769 1185 866 1249 prosa
893 1163 996 1229 habet
1022 1171 1192 1230 accentum
1225 1170 1360 1232 acutum

304 1283 402 1347 super
423 1264 650 1348 penultimam,
674 1265 751 1330 licet
772 1265 816 1330 sit
838 1266 954 1330 brevis

349 1384 365 1427 c
387 1368 466 1428 ante
488 1387 508 1429 r
529 1364 709 1446 breviatur,
724 1371 764 1431 ut
784 1367 911 1446 Patara,
927 1366 1044 1432 civitas
1067 1368 1172 1433 sancti
1195 1367 1359 1450 Nicholai,

305 1470 340 1529 ct
359 1466 467 1530 multa
488 1487 562 1552 quae
584 1472 665 1533 nota
687 1474 774 1534 sunt
822 1469 1041 1554 Excipiuntur
1056 1469 1191 1550 Meiere,
1216 1470 1358 1557 Megera

307 1566 372 1630 Sed
405 1567 476 1632 haec
509 1569 719 1634 breviantur:
751 1569 910 1650 Treveris,
935 1571 1065 1648 teneris,
1094 1576 1128 1635 et
1162 1570 1292 1658 poderis
1323 1571 1360 1636 in

305 1689 368 1731 usu
390 1669 568 1750 breviatur,
587 1671 664 1736 lieet
687 1671 722 1735 in
745 1670 859 1737 Graeco
881 1672 1089 1758 producatur.
1136 1671 1218 1752 Quae
1241 1674 1277 1737 in
1297 1695 1360 1739 raas

306 1769 461 1836 desinunt
486 1773 723 1858 producuntur,
754 1779 793 1838 ut
823 1773 978 1852 sincerus,
1000 1778 1034 1839 et
1053 1773 1207 1840 similiter
1227 1775 1361 1841 sinceris

306 1894 454 1959 semper3
477 1874 517 1939 de
540 1895 606 1960 quo
628 1875 802 1961 apostolus,
828 1880 896 1940 “ut
918 1875 991 1940 sitis
1014 1874 1183 1943 sinceres.’'
1229 1875 1360 1964 Excipi-

306 1979 408 2039 untur
430 1975 628 2042 Eleutherus
650 1981 685 2042 et
707 1976 860 2062 quaedam
883 1976 954 2041 alia

234 2072 235 2076 ’
351 2083 460 2142 eante
482 2100 499 2143 s
519 2079 698 2156 breviatur,
711 2084 751 2144 ut
767 2079 912 2158 Genesis,
927 2083 962 2143 et
978 2079 1092 2145 multa.
1138 2079 1361 2165 Excipiuntur

307 2180 486 2243 secundum
511 2180 663 2246 Graecum
678 2180 822 2257 frenesis,
839 2179 984 2258 fronesis,
1001 2180 1158 2246 mathesis
1181 2181 1360 2247 secundum

308 2282 397 2365 quod
420 2282 585 2367 significat
621 2282 838 2369 disciplinam,
865 2288 899 2347 et
925 2282 1054 2368 poe'sis;
1092 2288 1127 2348 et
1163 2282 1200 2347 in
1238 2281 1361 2349 Graecis

307 2383 476 2447 vocabulis
500 2389 588 2449 recte
609 2385 802 2450 deberemus
819 2383 950 2450 Graecos
972 2384 1105 2450 imitari.
1151 2383 1361 2451 Praeteritum

308 2485 344 2549 in
367 2483 425 2565 eci,
449 2491 484 2550 et
513 2485 667 2572 supinum
705 2486 742 2550 in
780 2507 884 2565 esaar,
924 2489 958 2550 et
995 2485 1207 2573 participium
1245 2486 1288 2551 ab
1322 2507 1361 2552 eo

308 2587 497 2667 formatum,
520 2588 757 2674 producuntur,
781 2593 821 2652 ut
844 2588 967 2665 adhesi,
991 2588 1116 2664 obesus,
1140 2611 1328 2655 commesua

353 2694 461 2755 cante
484 2689 712 2776 tproducitur,
736 2694 776 2754 ut
798 2690 933 2768 athleta,
950 2689 1089 2755 boletus.
1137 2690 1362 2777 Excipiuntur

309 2792 413 2856 Arete
436 2791 472 2855 in
494 2791 644 2872 Actibus,
667 2797 702 2856 et
728 2797 818 2856 arete
841 2792 930 2878 quod
949 2798 999 2857 est
1022 2792 1138 2872 virtus,
1155 2792 1360 2879 Massagetae,

308 2894 443 2959 velatus.
499 2893 732 2959 Producuntur
770 2892 871 2958 etiam
911 2893 1046 2970 Libetis,
1088 2892 1290 2980 Rampnetis,
1328 2901 1364 2960 et

309 2994 498 3082 hujusmodi
532 2995 674 3080 obliqui;
712 2993 770 3060 sed
797 2995 900 3081 aliqui
922 2993 1125 3072 breviantur,
1163 2999 1202 3058 ut
1239 2995 1362 3075 arietis,

309 3097 454 3184 parietis,
478 3097 608 3162 Seretis.

353 3198 471 3264 a'ante
494 3196 513 3263 b
538 3197 718 3278 breviatur,
744 3202 785 3263 ut
812 3196 981 3275 Mulciber,
1010 3196 1164 3263 Celtiber.

353 3300 371 3366 a'
400 3307 479 3366 ante
509 3321 526 3365 c
556 3300 737 3379 breviatur,
767 3303 808 3364 ut
839 3299 990 3377 Helicon,
1030 3299 1195 3386 pervicere,
1229 3300 1363 3368 aulicus.

311 3404 532 3489 Excipiuntur
555 3403 687 3482 amicus,
704 3402 840 3488 apricus,
865 3407 900 3467 et
923 3403 1056 3489 propria
1076 3404 1211 3469 nomina
1234 3405 1363 3484 Latina,

310 3511 349 3570 ut
363 3504 564 3571 Fredericus.
611 3504 677 3570 Sed
694 3504 809 3570 Graeca
834 3504 1065 3590 corripiuntur,
1091 3511 1131 3571 ut
1145 3507 1364 3587 Andronicus,

310 3608 466 3673 Tithicua
513 3607 645 3672 Nomen
666 3606 702 3670 in
725 3605 783 3672 ica
806 3606 986 3687 breviatur,
1010 3613 1049 3673 ut
1071 3608 1208 3685 cronica,
1232 3609 1364 3684 scutica,

311 3710 422 3787 Utica,
445 3709 568 3796 pedica,
604 3707 836 3786 Salomantica,
864 3708 1081 3775 Tessalouica.
1143 3709 1367 3796 Excipiuntur

310 3812 419 3891 lorica,
442 3811 566 3889 mirica,
591 3810 719 3896 postica
740 3810 794 3874 vel
816 3810 987 3895 posticum,
1011 3815 1046 3874 et
1068 3809 1263 3895 hujusmodi.
1295 3809 1365 3874 No·
1394 3852 1395 3856 =

311 3936 387 3979 men
409 3915 446 3978 in
468 3913 545 3980 ioca
578 3912 760 3992 breviatur,
795 3916 834 3977 ut
855 3912 1009 3992 tubicen3
1033 3911 1199 3997 excipitur
1220 3911 1345 3976 tibicen
1357 3935 1366 3991 ;

311 4022 345 4080 et
360 4015 529 4103 genitivus
544 4015 580 4080 in
595 4013 661 4080 icis
685 4013 823 4079 veniens
850 4035 871 4077 a
900 4012 1107 4077 nominativo
1133 4012 1170 4076 in
1196 4011 1235 4077 ia
1257 4012 1367 4078 brevi·

310 4123 397 4198 atur,
423 4122 462 4182 ut
486 4117 609 4192 caricis,
626 4115 760 4202 pellicis,
785 4115 909 4179 indicis.
949 4113 1073 4178 Tamen
1087 4113 1189 4178 vibex
1214 4114 1367 4200 producit

312 4219 437 4284 vibicis.
483 4218 530 4283 Et
543 4218 713 4304 genitivus
736 4216 873 4282 veniens
896 4237 916 4279 a
939 4215 1147 4279 nominativo
1169 4215 1206 4278 in
1232 4237 1271 4280 ee
1292 4216 1366 4282 bre-

314 4322 433 4399 viatur,
451 4325 491 4385 ut
504 4320 614 4399 onicis,
626 4319 813 4396 sardonicis
824 4316 964 4394 lomicis,
978 4317 1105 4397 varicis,
1118 4316 1269 4395 sandicis,
1281 4339 1366 4384 mas-

316 4423 400 4502 ticis,
417 4422 538 4502 silicis3
561 4422 618 4487 sed
641 4422 707 4486 alia
728 4423 916 4507 longantur,
932 4424 972 4484 ut
987 4419 1090 4499 ibicis,
1104 4419 1228 4500 lodicis,
1244 4419 1367 4485 fenicis.

357 4523 474 4590 a'ante
497 4523 522 4590 d
543 4524 723 4603 breviatur,
747 4528 786 4588 ut
812 4521 970 4602 Numida,
1012 4522 1155 4603 Persida,
1195 4522 1365 4602 Bachides,

660 4765 668 4795 ¹
680 4760 824 4828 Horatium]
845 4759 896 4813 Sat.
908 4759 924 4811 i.
934 4765 958 4823 2,
971 4765 1011 4815 25.
