3294 5744
349 721 400 787 xii
756 724 762 735 '
800 737 963 789 assason.

347 913 414 978 and
430 913 481 977 his
496 914 623 991 baleria
640 913 729 1000 Pope
745 912 864 978 Urban
879 912 938 976 IV.
954 910 1154 997 despatched
1170 910 1246 996 Guy
1262 910 1292 974 le
1308 909 1401 989 Groa,

347 1038 385 1081 or
406 1017 446 1081 de
471 1014 645 1100 Foulques,
671 1016 751 1081 then
773 1015 920 1080 cardinal
934 1015 1001 1080 and
1015 1015 1132 1101 bishop
1148 1013 1185 1079 of
1201 1012 1334 1090 Sabina,
1359 1034 1403 1077 on

347 1141 369 1184 a
405 1118 540 1183 miasion
572 1118 611 1183 of
642 1139 738 1205 peace
772 1123 808 1184 to
845 1117 912 1183 this
942 1121 1092 1203 country.
1148 1113 1335 1201 Aeeording
1365 1119 1402 1180 to

346 1509 361 1536 ‘⁴
379 1505 490 1570 partibus
501 1503 671 1556 ultramarinis
682 1509 780 1569 agente,
789 1515 848 1552 eoae
899 1500 1067 1564 “appellatio
1094 1503 1160 1567 apud
1185 1501 1321 1568 Redinges,
1343 1503 1404 1554 item

344 1588 360 1614 “
377 1585 420 1650 qui
432 1587 464 1635 ad
482 1583 615 1649 pristinum
626 1591 718 1633 statum
736 1589 761 1632 et
780 1588 847 1631 tran·

344 1669 360 1693 ‘⁴
378 1665 525 1729 quillitatem
558 1663 743 1713 reformandam
776 1675 846 1710 aoee-

343 1749 360 1773 ⁴⁴
376 1745 435 1794 dere
451 1744 603 1808 sperabatur,
622 1757 692 1806 spem
702 1740 772 1805 pacis
783 1748 808 1790 et
819 1739 847 1788 in

343 1827 358 1851 ‘⁴
375 1822 571 1886 desperationem
599 1822 782 1880 commutando,
804 1819 845 1867 in·

343 1904 359 1930 ⁴⁴
375 1901 479 1951 terdixit
490 1909 616 1966 portantes
627 1901 723 1959 vinum,
734 1899 845 1957 bladum,

342 1981 358 2006 ‘⁴
375 1983 401 2028 et
422 1976 565 2040 hujusmodi
586 1975 712 2031 victualia,
728 1973 845 2023 humana

342 2059 357 2084 ‘⁴
374 2055 434 2104 vitas
457 2055 605 2116 necessaria,
627 2053 654 2102 in
673 2068 779 2117 regnum
788 2053 844 2100 An·

342 2138 357 2162 “
373 2135 440 2198 gliu,
469 2136 516 2183 sub
543 2149 616 2197 poena
643 2131 845 2183 excommunica·

341 2217 357 2242 ‘⁴
374 2213 451 2263 tionis
470 2212 615 2268 inhibendo,
635 2227 666 2263 ne
681 2212 737 2276 quis
747 2211 844 2270 vinum,

341 2296 356 2321 ‘⁴
374 2293 484 2351 bladum,
507 2299 532 2341 et
553 2291 603 2341 alia
624 2289 788 2340 mercimonia
816 2288 842 2336 in

341 2375 356 2399 ‘⁴
373 2371 521 2435 pradictum
536 2367 766 2434 regnumdeferret
800 2365 843 2417 ci-

340 2453 357 2479 “
374 2448 439 2498 tavit
456 2449 557 2513 insuper
576 2448 697 2512 quosdam
715 2445 844 2510 episcopos

339 2533 355 2557 ‘⁴
372 2527 528 2592 peremtoria,
538 2535 566 2576 ut
576 2532 748 2590 eomparerent
759 2539 843 2574 eoram

340 2612 355 2636 ‘⁴
373 2623 400 2657 se
411 2614 484 2656 extra
494 2621 607 2670 regnum,
624 2603 736 2670 praefixis
747 2604 784 2654 eis
801 2604 843 2653 die

339 2691 355 2716 ‘⁴
375 2686 426 2752 [et]
440 2686 496 2736 loeo
504 2700 578 2750 super
585 2684 752 2735 obedientiam
763 2699 842 2735 suam.

340 2765 530 2816 “Sententiam
574 2763 841 2816 exeommunieationis

340 2843 518 2894 “fulminavit
536 2844 563 2893 in
585 2843 703 2894 comitem
711 2843 797 2909 Leye,
817 2849 843 2892 et

341 2923 428 2986 “ejus
449 2924 523 2985 filios,
545 2924 680 2990 Hugonem
706 2923 842 2986 Dispensa-

339 3006 355 3030 ‘⁴
372 3008 460 3063 torem,
479 3011 503 3052 et
522 3017 609 3052 omnes
626 3001 664 3053 eis
681 3002 709 3051 in
729 3000 843 3061 oonsilio,

339 3085 354 3109 ⁴⁴
372 3081 478 3142 auxilio,
508 3089 533 3132 et
567 3081 660 3140 favore,
688 3081 842 3130 habitatores

339 3164 355 3188 ‘⁴
372 3159 490 3223 Quinque
511 3159 633 3209 Portuum
661 3167 686 3209 et
713 3157 842 3208 civitatem

338 3243 354 3266 ‘⁴
371 3239 495 3298 London,
551 3253 625 3302 super
675 3236 843 3286 eeclesiastico

338 3317 500 3380 “supposuit
544 3315 685 3376 interdicto,
718 3314 844 3365 mandatis

339 3400 354 3425 ‘⁴
371 3412 417 3460 per
444 3396 539 3446 litteras
567 3410 624 3445 suas
651 3393 789 3444 Londonia
818 3402 843 3443 et

339 3478 355 3504 ‘⁴
372 3475 512 3539 Wigomia
535 3474 657 3539 episeopis
679 3481 704 3524 et
726 3473 842 3524 omnibus

338 3559 353 3583 ‘⁴
370 3554 426 3604 aliis
445 3554 609 3619 suffraganeis
627 3554 745 3605 cantuar.
763 3553 841 3602 eeele·

340 3638 355 3662 ‘⁴
373 3634 425 3692 sia,
445 3641 470 3684 et
488 3633 564 3684 dietis
580 3633 696 3698 Wigorn.
716 3639 741 3682 et
759 3631 840 3680 Lond.

339 3716 354 3742 ‘⁴
372 3712 507 3778 injungens
529 3712 590 3762 viva
611 3727 680 3770 voce,
700 3719 725 3761 et
750 3711 841 3760 virtute

339 3796 355 3820 ‘⁴
372 3791 520 3843 obedientie
544 3791 700 3857 precipiens,
725 3789 842 3855 quatinus

337 3873 353 3900 “
370 3871 450 3922 dictos
478 3870 707 3921 excommunicatos
733 3869 844 3919 vitarent

337 3953 354 3979 ‘⁴
371 3950 399 4000 in
419 3950 543 4011 omnibus,
562 3959 587 4001 et
598 3951 678 4000 dietas
696 3963 841 3999 exeommu-

339 4034 354 4058 “
371 4029 505 4080 nicationis
514 4029 650 4079 sententias
658 4034 842 4087 conservarent,

338 4113 354 4137 ⁴⁴
371 4115 397 4158 et
415 4109 526 4158 facerent
542 4107 648 4171 singulis
664 4106 716 4156 suis
733 4105 841 4156 eivitati-

338 4271 354 4296 “
371 4265 555 4317 eommunieato
566 4261 670 4314 oonsilio
683 4263 793 4327 episcopi
804 4271 840 4314 at·

339 4349 355 4375 ‘⁴
371 4347 509 4404 tendentes,
526 4342 672 4393 seutentiam
692 4341 798 4405 priorem
815 4350 841 4392 et

900 1581 916 1607 ‘⁴
933 1580 1117 1630 communicato
1128 1581 1232 1631 consilio
1247 1582 1323 1632 totius
1334 1582 1403 1645 cleri,

900 1660 915 1685 ‘⁴
933 1658 1052 1708 recitatur
1068 1668 1094 1710 et
1111 1661 1268 1724 approbatur,
1286 1668 1312 1711 et
1333 1661 1404 1727 sigil-

900 1741 915 1766 ‘⁴
933 1738 964 1789 lis
981 1738 1097 1789 omnibus
1118 1741 1256 1790 roboratur.
1290 1740 1404 1790 Berones

900 1819 916 1845 ‘⁴
934 1817 1009 1868 etiam
1037 1819 1173 1867 adventum
1203 1817 1280 1883 legati
1312 1819 1403 1869 merito

899 1899 916 1924 ‘⁴
933 1896 1052 1946 habentes
1071 1905 1220 1960 suspectum,
1240 1896 1264 1946 ei
1282 1905 1403 1961 negantes

899 1980 914 2003 ‘⁴
932 1975 1082 2040 ingressam,
1115 1976 1261 2039 praedictam
1294 1975 1402 2040 appella-

898 2058 914 2082 “
932 2056 1025 2105 tionem
1045 2056 1190 2119 approbant,
1209 2064 1234 2106 et
1251 2055 1311 2120 quia
1327 2055 1403 2106 totius

899 2137 914 2161 ⁴⁴
932 2134 1117 2185 eommunitatis
1136 2149 1176 2184 res
1193 2135 1320 2199 agebatur,
1337 2149 1403 2183 eam·

899 2214 914 2239 “
932 2217 990 2265 dem
1008 2213 1150 2278 sigillorum
1167 2212 1306 2262 munimine
1328 2214 1402 2262 robo-

898 2297 913 2322 “
931 2291 1028 2342 rabant.
1063 2292 1100 2342 Ut
1110 2291 1210 2353 dieitur,
1221 2291 1334 2354 apposita
1344 2299 1404 2342 sunt

898 2377 913 2401 ‘⁴
931 2373 1005 2437 signa
1032 2372 1151 2422 abbatum
1180 2378 1354 2434 exetnptorum
1378 2377 1404 2421 et

898 2457 913 2480 ⁴⁴
931 2467 983 2501 nou
995 2459 1177 2514 exemptarum,
1189 2457 1296 2513 excepto
1313 2450 1402 2499 abbate

899 2535 914 2559 ‘⁴
932 2532 964 2580 de
982 2529 1076 2581 Sancto
1087 2530 1196 2589 Albano,
1207 2529 1251 2594 qui
1270 2529 1403 2593 praedietas

899 2609 1109 2673 “appellationes
1128 2607 1213 2673 sigillo
1233 2623 1279 2658 suo
1297 2607 1403 2657 minime

900 2693 915 2717 ‘⁴
932 2688 1070 2749 roboravit,
1102 2696 1203 2752 propter
1236 2686 1402 2737 reverentiam

900 2772 914 2796 ‘⁴
932 2767 999 2817 sedis
1016 2766 1167 2830 apostolica,
1186 2780 1260 2831 quem
1276 2765 1403 2816 offendere

899 2849 914 2874 ⁴⁴
932 2861 984 2894 non
1001 2846 1115 2904 audebat,
1133 2844 1207 2895 sicuti
1224 2859 1270 2894 neo
1290 2844 1402 2905 debebat,

899 2928 914 2952 ‘⁴
932 2925 991 2975 lieet
1002 2939 1017 2973 a
1028 2923 1113 2973 multis
1130 2922 1303 2986 multiplieiter
1318 2924 1402 2986 pulsa·
1442 2968 1444 2974 .

899 3008 914 3032 ‘⁴
932 3011 1009 3064 retur,
1031 3010 1056 3052 et
1071 3003 1196 3066 jtteturam
1216 3010 1268 3052 tam
1286 3001 1401 3065 spiritua-

900 3086 915 3110 ⁴⁴
934 3082 996 3131 lium
1008 3097 1083 3145 quam
1095 3080 1268 3145 temporalium
1279 3081 1402 3130 bonorum

900 3166 915 3190 ⁴⁴
931 3176 983 3211 una
1004 3176 1063 3210 oum
1085 3160 1260 3225 indignatione
1279 3160 1402 3209 baronum

900 3244 915 3269 ⁴⁸
933 3248 958 3291 et
969 3240 1142 3304 episcoporum
1161 3239 1403 3289 irreeoneiliabiliter

900 3323 916 3347 ‘⁴
934 3319 1062 3368 incurrere
1074 3317 1229 3368 formidabat
1253 3318 1403 3369 Alexandro

901 3402 916 3425 ‘¹
935 3413 1000 3462 papa
1025 3397 1138 3446 debitum
1166 3396 1290 3447 universa
1319 3397 1404 3448 earnis

900 3480 915 3504 ⁴⁴
933 3476 1096 3540 persolvente,
1108 3476 1190 3526 dietus
1208 3477 1314 3542 legatus,
1328 3478 1404 3527 modo

899 3558 914 3582 ⁴⁴
931 3555 1051 3618 praedicto
1095 3570 1226 3619 perpessus
1270 3557 1402 3620 repulsam,

899 3637 913 3660 ‘⁴
932 3647 1053 3695 remeans,
1071 3632 1099 3682 in
1116 3648 1241 3683 summum
1259 3634 1402 3697 pontificem

898 3711 1016 3761 “extitit
1060 3712 1160 3772 electus,
1199 3712 1317 3762 videlieet
1360 3712 1402 3760 die

899 3794 914 3818 ‘⁴
932 3789 1032 3842 Sancta
1049 3791 1161 3856 Agatha
1173 3790 1298 3855 Virginis,
1316 3798 1341 3840 et
1359 3791 1401 3840 die

899 3872 913 3898 ‘⁴
930 3870 1057 3920 dominica
1079 3877 1137 3920 ante
1159 3868 1339 3933 earniprivium
1361 3869 1401 3918 in-

898 3953 913 3978 ‘⁴
930 3949 1019 4014 signiis
1037 3949 1167 4014 papalibus
1181 3946 1318 3998 honorifice
1335 3947 1400 3997 redi-

899 4032 914 4057 “
931 4027 1015 4090 mitur,
1026 4027 1069 4092 qui
1082 4035 1166 4092 postea
1178 4028 1332 4078 Ottobonnm
1342 4041 1399 4076 oar·

898 4111 913 4136 ⁴⁴
931 4107 1042 4158 dinalem
1060 4105 1201 4170 apostoliea
1213 4105 1278 4155 sedis
1289 4105 1400 4168 legatum

336 4190 353 4216 ‘⁴
369 4185 737 4247 busetd'voesibusobservari.
761 4184 843 4235 Porro
897 4191 912 4216 ‘⁴

929 4186 957 4236 in
979 4185 1103 4252 Angliam
1124 4183 1226 4246 direxit,
1242 4184 1274 4234 de
1293 4198 1343 4248 quo
1360 4183 1399 4233 in·

898 4270 913 4296 ⁴⁴
930 4265 1009 4316 ferina
1020 4262 1140 4315 dieetur.”

931 4345 988 4395 The
1012 4342 1146 4394 eardinal’s
1166 4356 1223 4391 ovrn
1246 4348 1352 4392 aeeount
1373 4341 1404 4392 of

338 4428 458 4475 “eontra
482 4421 606 4486 justitiam
633 4421 737 4481 illatam,
765 4421 840 4469 modo
897 4423 938 4474 bis
959 4422 1064 4473 mirsion
1086 4421 1138 4471 vill
1159 4421 1190 4471 be
1211 4420 1289 4471 found
1311 4420 1338 4469 in
1359 4420 1400 4470 his

338 4507 354 4533 ‘⁴
370 4502 517 4565 subscripto,
544 4499 708 4564 appellarunt.
751 4498 839 4550 Omni·
896 4502 977 4565 Epist.
996 4502 1089 4554 xxxii'a
1110 4516 1165 4553 exa
1200 4500 1323 4566 Compare
1345 4500 1399 4552 also

336 4589 353 4616 ‘⁴
370 4587 416 4638 bus
439 4582 679 4646 christifidelibus,
706 4583 752 4633 &a
786 4581 840 4633 Ista
897 4580 995 4633 cxlviii
