3586 5640
307 769 386 856 vm]
633 786 865 837 eoneaunruu
888 789 1015 838 sruon.
1299 773 1363 837 449

306 960 394 1024 enim
419 982 484 1025 una
505 961 619 1048 lingua
641 962 812 1047 quodlibet
830 969 950 1028 veeaut
973 961 1204 1048 etymologiam
1227 970 1363 1028 sumunt

306 1061 458 1127 vocabuli
495 1085 537 1128 ex
567 1063 678 1128 altera.
724 1064 769 1129 Et
801 1063 937 1130 Servius
968 1063 1039 1127 loeo
1072 1068 1253 1128 memorato
1284 1065 1365 1130 dicit

307 1164 458 1231 Graeoum
481 1186 602 1230 nomen
623 1187 690 1230 non
721 1170 830 1252 petest
853 1165 1007 1231 Latinam
1030 1165 1262 1250 etymologiam
1285 1166 1365 1230 reei-

306 1287 389 1352 pere.
435 1266 481 1333 Et
504 1268 566 1334 hee
588 1267 670 1332 dioit
699 1267 848 1354 pluribus
879 1268 966 1332 loeis.
1030 1266 1119 1353 Ergo
1151 1266 1247 1331 Brito
1279 1267 1364 1333 male

305 1369 549 1456 etymologizat
573 1375 607 1435 et
629 1368 719 1435 cadit
744 1369 780 1435 in
804 1368 1010 1456 Hugutionia
1040 1369 1161 1433 vitium
1184 1380 1219 1433 et
1242 1368 1362 1454 Papiae,

306 1471 462 1554 queniam
509 1471 709 1558 etymologia
746 1476 796 1536 eet
833 1492 939 1536 sermo
976 1470 1030 1536 vel
1074 1470 1161 1536 ratio
1198 1470 1362 1535 veritatis.

307 1570 373 1636 Sed
395 1571 517 1636 veritae
540 1572 646 1639 Graeei
676 1595 745 1639 nen
779 1573 942 1660 dependet
968 1593 990 1636 a
1020 1571 1149 1652 Latine,
1174 1593 1248 1637 oum
1274 1573 1365 1657 prius

307 1693 374 1736 non
406 1672 568 1759 dependet
597 1697 618 1739 a
647 1675 825 1761 posteriori
872 1673 1080 1759 Quapropter
1111 1673 1204 1738 nulla
1238 1679 1365 1758 etymo·

307 1773 395 1861 logia
417 1775 522 1840 Graeci
545 1783 675 1863 oportet
697 1777 769 1841 fieri
792 1776 828 1840 in
853 1775 990 1840 Latinis.

352 1876 450 1942 Euat
474 1878 575 1943 etiam
597 1879 633 1942 in
656 1877 829 1964 principali
852 1877 1058 1963 expositione
1088 1875 1187 1962 hujus
1213 1877 1365 1942 vocabuli

307 1977 400 2043 Deua
412 2005 426 2060 ;
449 1979 602 2044 similiter
640 1984 674 2044 et
707 1977 817 2058 Theos,
855 2000 930 2044 eum
969 1978 1059 2044 dieat
1088 1979 1146 2043 illa
1181 1979 1364 2066 significare

307 2086 455 2160 metum3
494 2086 528 2146 et
562 2081 608 2146 eie
646 2079 728 2146 dieit
766 2079 920 2166 Hugutie
954 2085 989 2146 et
1027 2080 1153 2166 Papiae,
1193 2085 1237 2161 et,
1276 2080 1364 2165 quod

308 2181 401 2245 doleo
439 2181 600 2246 Isidorus¹
640 2181 726 2247 libro
760 2182 907 2268 septime.
955 2180 1040 2247 Cum
1076 2182 1164 2247 enim
1202 2181 1259 2246 isti
1297 2182 1365 2246 eint

309 2282 429 2359 Latini,
465 2289 500 2348 et
530 2305 597 2348 non
636 2288 774 2370 pessunt
805 2304 864 2349 sue
903 2305 1001 2349 sensu
1034 2283 1165 2348 firmare
1196 2284 1274 2364 haee,
1306 2283 1363 2348 sed

307 2389 436 2470 opertet
474 2406 528 2450 eos
565 2386 725 2452 adducere
762 2386 994 2452 auctoritatem
1032 2391 1092 2450 aut
1128 2384 1273 2470 aliquam
1311 2404 1362 2448 ra-

308 2487 439 2551 tionem
486 2487 532 2552 Et
554 2489 709 2574 queniam
739 2492 895 2553 neutrum
923 2488 1058 2565 faciunt,
1089 2486 1163 2551 idee
1185 2486 1363 2552 secundum

309 2588 560 2674 Hieronymum,
592 2590 757 2656 sententia
789 2611 901 2656 eorum
940 2590 1053 2655 eadem
1091 2587 1250 2654 facilitate
1288 2609 1363 2653 een—

307 2691 468 2756 temnitur
497 2714 563 2778 qua
599 2693 765 2779 probatur.
813 2691 855 2756 In
885 2691 1037 2756 omnibus
1068 2691 1156 2755 enim
1188 2690 1297 2755 dubiis
1327 2694 1362 2754 et

306 2793 441 2859 oeeultis
463 2815 537 2880 quae
561 2795 704 2860 humano
727 2815 824 2860 sensu
846 2793 983 2859 tractari
1010 2797 1149 2878 pessunt
1174 2792 1280 2869 debet,
1313 2813 1363 2856 se-

305 2895 449 2961 eundum
489 2895 754 2982 Hieronymum⁸
803 2917 901 2981 super
939 2894 1146 2971 Matthaeum,
1184 2893 1362 2958 aucteritas

306 2999 360 3062 vel
381 2999 468 3064 ratio
491 2998 664 3063 introduci.
712 2998 757 3062 Et
786 2997 950 3082 praecipue
980 3016 1048 3060 non
1079 3000 1129 3060 eat
1159 2993 1362 3058 eonsentien-

305 3101 385 3164 dum
423 3101 495 3165 istis
534 3099 661 3164 Latinis
697 3098 734 3162 in
772 3097 832 3162 hoe
869 3118 968 3177 easu;
1007 3095 1162 3181 queniam
1193 3094 1363 3160 Jehannea

307 3200 555 3266 llamaaeenus³
593 3200 650 3285 qui
682 3199 816 3265 Graecus
853 3198 926 3275 suit,
966 3204 1001 3263 et
1038 3197 1130 3263 dedit
1164 3197 1361 3283 interpreta-

306 3303 413 3367 tiones
438 3308 543 3367 eertus
576 3306 610 3366 et
644 3300 755 3365 fideles
780 3300 882 3386 juxta
910 3299 1059 3386 linguam
1086 3299 1233 3367 Graecam
1265 3300 1361 3366 uerti·

307 3403 384 3468 fleat
405 3425 465 3468 nee
496 3404 532 3470 in
554 3404 616 3467 hae
638 3407 741 3488 parte.
788 3402 881 3467 Dicit
904 3401 1007 3488 igitur
1035 3402 1141 3488 primo
1163 3403 1248 3468 libro
1271 3402 1360 3488 qued

308 3504 406 3581 Deua,
422 3525 478 3568 eeu
495 3504 609 3585 Theos,
632 3503 754 3568 dieitur
770 3525 791 3568 a
806 3502 903 3570 theia
920 3502 1015 3592 [lta]
1032 3504 1120 3589 qued
1143 3509 1193 3570 est
1208 3503 1361 3582 ourrere,⁴

306 3605 580 3685 velfeve1·e,vel
606 3605 821 3692 circumaequi
855 3605 1037 3671 secundum
1069 3606 1167 3670 aliam
1191 3606 1359 3670 translati·

306 3730 423 3788 ouem3
447 3708 525 3793 quia
546 3707 820 3794 circumaequitur
842 3714 876 3774 et
892 3707 984 3774 fovet
1005 3707 1182 3788 universa3
1204 3711 1264 3772 aut
1279 3707 1359 3772 dioi-

305 3817 361 3876 tur
383 3810 425 3876 ab
448 3808 551 3889 elliu,
575 3810 664 3895 quod
697 3816 747 3877 est
780 3811 900 3877 ardere.
946 3810 1037 3876 Deus
1069 3809 1158 3874 enim
1190 3814 1240 3874 eut
1272 3808 1360 3894 ignis

304 3934 497 3979 consumens
530 3913 713 3993 malitiam;
746 3914 801 3979 vel
823 3935 843 3977 a
866 3911 987 3979 thaneto
1016 3911 1173 3999 [θεᾶσθαι],
1197 3912 1285 3997 qued
1308 3917 1360 3977 eet

305 4015 508 4081 considerare
532 4019 567 4080 et
589 4015 751 4102 perficere,
776 4016 854 4101 quia
876 4014 988 4079 emnia
1009 4014 1192 4079 considerat
1221 4020 1255 4079 et
1284 4035 1359 4079 een·

304 4117 464 4183 sideravit
492 4123 672 4203 antequam
705 4123 815 4184 ereata
842 4116 941 4184 fuere.
988 4115 1072 4181 Haee
1094 4115 1197 4202 igitur
1217 4116 1360 4182 tenenda

304 4225 405 4301 sunt3
436 4220 515 4305 quia
536 4225 651 4286 aueter
683 4218 818 4285 Graeeue
847 4224 906 4297 eat,
940 4222 975 4285 et
998 4216 1128 4283 Graecas
1161 4216 1357 4305 interpreta-

304 4323 410 4388 tienea
433 4324 543 4409 poeuit
566 4323 651 4388 sieut
675 4322 778 4388 decet.

345 4589 479 4655 ¹Isidorou]
498 4590 582 4655 Etym.
595 4590 639 4642 vii.
654 4596 675 4640 l.
883 4589 1086 4657 'DnnruaceausJ
1099 4590 1139 4640 De
1148 4589 1174 4640 S.
1187 4588 1279 4640 'liduit
1291 4587 1308 4640 i.
1322 4594 1345 4639 5.
1363 4601 1366 4607 ·

342 4669 534 4736 Ἠἱινοηφιιω]
552 4670 709 4735 Inproba?
883 4669 1013 4736 4σιινδτνι]
1026 4684 1120 4733 curare,
1131 4668 1189 4721 MS.

393 4777 469 4828 VOL.
492 4778 513 4827 1.
1156 4777 1178 4824 F
1200 4776 1223 4824 Ρ
