3586 5640
301 799 364 885 na]
706 809 884 866 Arrunnrx
909 818 929 864 r.
1285 806 1350 867 545

299 1011 409 1054 rarum
441 989 562 1054 diversi
592 989 726 1074 generis.
781 988 869 1052 Nam
898 990 944 1052 sic
975 987 1112 1053 Etbicus
1145 996 1350 1056 astronomus

299 1113 391 1156 suam
423 1089 602 1156 occultavit
631 1089 835 1176 sapientiam,
867 1113 906 1155 co
936 1088 1024 1176 quod
1055 1090 1159 1155 literis
1190 1091 1348 1170 chraeis,

299 1198 333 1257 ct
349 1193 478 1270 Graeeis,
507 1196 541 1257 et
569 1191 697 1255 Latinis
728 1213 799 1255 enm
831 1193 1024 1278 conscripsit
1053 1193 1089 1255 in
1121 1193 1236 1257 eadam
1267 1195 1349 1259 serie

298 1296 476 1380 scriptume.
511 1293 637 1372 Quinto
658 1292 868 1358 occultabant
893 1293 1027 1379 quidam
1052 1316 1109 1380 per
1124 1295 1204 1358 alias
1227 1295 1348 1376 literas,

298 1397 384 1460 sicut
404 1417 464 1459 nec
485 1394 573 1480 apud
596 1398 729 1480 gentem
750 1417 852 1473 suam,
885 1417 944 1461 nec
967 1396 1055 1482 apud
1079 1394 1159 1460 alias
1187 1397 1347 1474 nationes,

297 1497 354 1560 sed
380 1497 512 1583 fingunt
538 1517 593 1561 ess
617 1517 676 1582 pro
700 1497 874 1562 voluntate
900 1519 983 1576 sua;
1013 1503 1048 1563 et
1078 1498 1138 1563 hoc
1164 1505 1215 1563 est
1244 1500 1349 1563 maxi·

297 1620 388 1661 mum
418 1598 698 1685 impedimentum,
728 1619 792 1683 quo
823 1620 900 1663 usus
931 1605 981 1664 est
1012 1599 1193 1685 Artepbius
1223 1600 1258 1663 in
1289 1621 1347 1665 suo

297 1700 381 1764 libro
412 1699 463 1765 De
494 1700 635 1766 Secretis
665 1700 813 1766 Naturae.
876 1701 979 1766 Sexto
1010 1701 1098 1766 fiunt
1127 1723 1195 1766 non
1233 1702 1347 1787 figurae

296 1801 474 1879 litoramm,
502 1802 558 1867 sed
588 1801 662 1867 aliie
688 1802 802 1888 figurae
826 1803 1040 1889 geometricae,
1066 1824 1139 1888 quae
1169 1805 1347 1868 secundum

295 1903 521 1968 diversitatem
551 1909 746 1988 punctorum
773 1908 808 1967 et
838 1911 992 1969 notarum
1021 1905 1146 1969 habent
1176 1905 1345 1970 literarum

295 2011 500 2090 potestatem,
524 2011 558 2070 et
584 2004 636 2068 bis
666 2004 817 2069 similiter
841 2027 920 2070 usus
946 2012 996 2071 est
1020 2006 1201 2092 Artephius
1225 2006 1261 2070 in
1287 2028 1347 2070 sua

294 2107 441 2172 scientia>
484 2106 631 2192 Septimo
652 2112 701 2171 cst
722 2106 828 2192 majus
848 2105 1024 2172 artificium
1045 2108 1238 2187 occultandi,
1258 2110 1345 2194 quod

294 2208 394 2272 datur
423 2209 459 2272 in
489 2214 560 2272 arte
590 2207 765 2289 notatoria,
791 2229 865 2293 quic
891 2215 941 2273 est
971 2231 1023 2273 ars
1048 2210 1186 2274 notrmdi
1211 2215 1245 2273 ct
1268 2211 1345 2274 scri-

295 2309 395 2372 bendi
417 2331 455 2374 ca
479 2309 643 2374 brevitate
670 2331 736 2394 qua
758 2310 918 2388 volumus,
943 2315 977 2375 et
1007 2332 1046 2376 ea
1075 2310 1249 2377 velocitate
1279 2333 1345 2397 qua

294 2411 521 2476 desideramus.
583 2409 628 2475 Et
658 2412 704 2475 sic
733 2411 839 2476 multa
876 2417 998 2476 secreta
1035 2411 1157 2498 scripta
1194 2418 1272 2476 sunt
1309 2413 1344 2476 in

294 2509 386 2575 libris
414 2513 615 2577 Latinorum.
662 2512 890 2578 Necessarium
912 2534 991 2577 vero
1017 2513 1181 2577 aestimavi
1207 2513 1266 2577 has
1292 2534 1343 2578 oc-

226 2665 229 2668 >
293 2613 488 2679 saltationes
523 2620 680 2701 tangere;
718 2615 797 2699 quia
837 2614 946 2679 forsan
981 2619 1116 2701 propter
1147 2621 1343 2680 secretorum

293 2716 554 2801 magnitudinem
579 2716 744 2802 aliquibus
766 2716 818 2782 his
842 2722 918 2782 utar
945 2717 1058 2794 modis,
1084 2721 1124 2782 ut
1149 2717 1195 2782 sic
1222 2723 1256 2782 tc
1282 2718 1344 2781 sal-

293 2822 360 2882 tem
379 2818 495 2903 juvem
517 2824 558 2884 ut
579 2839 722 2905 possum.

731 3131 811 3198 OAP.
836 3128 909 3194 IX.¹

417 3334 467 3399 Dc
490 3333 590 3399 modo
604 3332 766 3419 faciendi
789 3353 892 3400 ocum
910 3330 1198 3419 pbilosophorum.

339 3536 430 3600 Drco
458 3537 562 3623 igitur
592 3535 656 3600 tibi
691 3536 779 3622 quod
809 3535 885 3601 volo
916 3535 1060 3600 ordinari
1091 3557 1165 3621 qure
1194 3537 1344 3622 superius
1357 3549 1503 3614 Thephilo-

291 3638 424 3703 narravi
458 3659 627 3724 exponere,
668 3643 703 3703 et
735 3639 809 3704 ideo
841 3638 915 3704 volo
949 3659 1049 3702 ovum
1079 3637 1343 3722 pbilosophorum
1356 3618 1465 3747 {alm

292 3740 476 3819 dissolvere,
504 3745 539 3805 et
569 3745 679 3825 partes
705 3740 919 3826 philosophici
946 3737 1020 3803 ovi⁹
1043 3738 1249 3824 investigare,
1265 3758 1343 3802 narn

290 3842 352 3906 boc
366 3848 417 3906 est
432 3842 565 3907 initium
588 3838 718 3905 adalia
754 3840 903 3907 Calcem³
925 3841 1029 3928 igitur
1053 3840 1227 3926 diligenter
1249 3841 1344 3924 aquis

291 3943 392 4007 alkali
407 3948 442 4007 et
464 3942 537 4007 aliis
560 3943 653 4028 aquis
668 3943 774 4007 acutis
804 3943 948 4028 purifica,
974 3949 1009 4008 et
1031 3940 1132 4006 variis
1154 3941 1344 4006 contrition-

292 4045 366 4108 ibus
389 4066 463 4109 cum
486 4045 608 4110 salibus
631 4045 780 4121 confrica,
797 4051 832 4109 et
854 4045 1003 4130 pluribus
1026 4042 1245 4109 assationibus
1267 4064 1345 4107 oon*

292 4162 407 4227 crema,
435 4152 473 4212 ut
488 4147 549 4211 fiat
573 4153 662 4211 terra
685 4168 769 4233 pura
789 4146 921 4232 penitus
953 4145 1094 4211 liberata
1118 4144 1160 4209 ab
1185 4144 1260 4208 aliis
1281 4144 1344 4208 ele*

293 4249 422 4327 montis,
439 4271 536 4335 quam
553 4248 615 4315 tibi
639 4270 699 4334 pro
722 4270 803 4313 meae
818 4247 1036 4334 longitudinis
1064 4252 1193 4313 statura
1208 4246 1343 4333 dignam

323 4557 329 4587 ¹
347 4555 409 4620 Cap.
429 4555 476 4620 is]
501 4559 516 4583 “
528 4551 560 4605 In
578 4555 628 4605 alio
648 4553 787 4621 examplari
873 4555 944 4622 ἀνι]
964 4554 1081 4617 hominis,
1100 4556 1155 4608 MS.

288 4635 321 4684 ad
332 4649 411 4698 marg.
423 4654 429 4684 2
449 4633 510 4683 Haec
521 4641 578 4684 sunl
588 4635 737 4700 resignatas
873 4635 882 4664 ¹
896 4634 1007 4701 Culcem]
1022 4637 1067 4698 sal,
1080 4636 1108 4688 C.

380 4729 455 4779 vob
472 4728 494 4777 1.
1133 4731 1160 4779 Μ
1182 4732 1210 4780 Μ
