3586 5640
305 798 367 885 aa]
695 812 784 866 orus
805 814 967 869 raarrurr.
1292 804 1358 876 197

306 985 349 1050 ab
371 1006 443 1052 aevo
465 985 793 1073 procedit,ergoe1it
815 986 964 1053 instans:
989 987 1163 1054 dicandum
1186 993 1245 1068 est,
1269 989 1358 1075 quod

305 1093 437 1173 tempus
459 1089 502 1154 ab
532 1109 604 1155 aevo
626 1089 782 1176 procedit,
809 1089 844 1153 id
868 1095 919 1155 eat
941 1094 1017 1176 post
1038 1112 1156 1167 aevum,
1179 1090 1357 1156 secuudum

305 1189 393 1274 quod
408 1190 606 1255 Aristotelea
628 1188 732 1257 dixit¹
757 1191 900 1257 secundo
921 1195 957 1257 et
977 1193 1096 1279 quinto
1112 1192 1356 1278 Metapbysioae,

305 1291 392 1376 quod
425 1291 468 1356 ab
509 1293 620 1378 aliquo
652 1292 706 1357 vel
741 1315 782 1358 ex
806 1293 916 1379 aliquo
948 1300 999 1360 est
1036 1294 1261 1381 multipliciter
1298 1299 1358 1358 aut

305 1393 516 1473 ordinaliter;
548 1399 588 1458 ut
609 1416 652 1459 ex
681 1400 776 1460 nocte
805 1396 847 1460 fit
876 1395 945 1461 dies
957 1420 965 1475 ;
988 1402 1048 1462 aut
1073 1396 1296 1474 materialiter,
1320 1400 1359 1460 ut

305 1517 347 1559 ex
377 1494 463 1560 ierro
492 1497 532 1561 fit
562 1495 739 1577 cultellus;
769 1502 829 1562 aut
867 1498 1022 1580 effective,
1053 1505 1092 1564 ut
1123 1521 1166 1564 ex
1196 1506 1289 1585 patre
1319 1498 1360 1562 fit

304 1597 416 1678 filius;
439 1604 498 1663 aut
536 1598 752 1685 originaliter,
790 1605 951 1686 tanquam
976 1622 1020 1665 ex
1042 1600 1206 1679 termino;
1239 1604 1278 1665 ut
1315 1597 1358 1663 ab

303 1699 444 1764 instanti
474 1701 515 1765 fit
544 1707 684 1788 tempus,
714 1705 748 1766 et
778 1723 799 1766 a
827 1709 950 1789 puncto
980 1703 1020 1768 fit
1042 1703 1136 1768 linea
1183 1701 1248 1767 Sed
1275 1700 1360 1766 ordi-

304 1802 424 1868 naliter
452 1803 493 1868 fit
518 1807 650 1891 tempus
680 1804 723 1868 ob
753 1825 835 1884 aevo,
874 1805 910 1869 id
947 1809 999 1871 cst
1021 1811 1096 1892 post
1135 1826 1254 1884 aevum,
1281 1803 1360 1889 quia

305 1925 414 1969 aevum
441 1909 492 1970 est
520 1927 674 1970 mensura
703 1905 793 1992 prior
821 1912 976 1993 temporo.

350 2006 387 2070 Si
410 2006 546 2085 dicatur,
569 2008 657 2094 quod
680 2007 875 2075 Aristoteles
906 2030 974 2074 non
1005 2009 1101 2095 ponit
1131 2029 1239 2075 aevum
1272 2008 1360 2073 inter

305 2107 427 2194 species
459 2109 666 2194 quantitatis,
701 2131 807 2195 neque
841 2111 877 2174 in
908 2111 1240 2176 Praedioamentorum
1263 2110 1358 2189 libro,

305 2232 411 2296 neque
433 2210 469 2274 in
492 2211 610 2297 quinto
633 2212 879 2299 Metaphysioae,
903 2211 962 2277 ubi
986 2213 1026 2278 de
1048 2213 1217 2299 speciebus
1240 2213 1359 2299 praedi·

305 2313 543 2379 camentalibua
574 2315 676 2392 docet,
715 2314 841 2402 igitur²
873 2336 940 2380 non
974 2315 1108 2381 videtur
1139 2337 1207 2381 ease
1239 2315 1360 2402 species

304 2416 424 2501 aliqua,
441 2422 500 2482 aut
515 2417 711 2483 Aristoteles
733 2417 797 2483 erit
820 2418 1023 2484 diminutus:
1049 2421 1159 2505 potest
1180 2418 1256 2498 dici,
1273 2417 1361 2504 quod

305 2540 469 2604 nusquam
496 2519 692 2586 Aristoteles
714 2521 774 2586 dat
796 2520 919 2606 species
941 2519 1079 2606 alicujus
1102 2520 1357 2607 praedicamenti,

306 2622 385 2705 quia
416 2622 457 2687 de
489 2621 677 2687 substantia
709 2621 901 2708 incorporea
940 2622 1026 2687 nihil
1059 2624 1171 2710 tangit
1201 2623 1237 2687 in
1275 2622 1360 2686 libro

306 2722 650 2800 Praedicamentorum,
681 2745 740 2788 nec
774 2724 810 2788 in
842 2724 986 2810 capitulo
1022 2724 1063 2789 de
1094 2724 1291 2791 Substantia
1323 2723 1360 2788 in

306 2825 424 2910 quinto
456 2824 699 2912 Metaphysicae.
745 2824 874 2891 Placuit
907 2826 1011 2915 igitur
1044 2825 1218 2891 Aristoteli
1251 2847 1360 2890 exem·

306 2927 452 3013 plificare
476 2927 516 2992 de
538 2927 707 3013 speciebus
730 2927 897 3014 aliquibus
920 2927 1105 3012 aliquorum
1127 2927 1359 3013 praedicamen·

307 3034 425 3094 torum.
471 3030 537 3096 Sed
560 3052 619 3095 nec
642 3029 682 3094 de
706 3029 819 3116 aliquo
853 3051 967 3096 omnes
1001 3028 1072 3114 ejus
1103 3028 1227 3115 species
1258 3028 1359 3114 assig-

306 3134 412 3214 navit,
434 3154 541 3220 neque
557 3133 597 3198 de
614 3133 752 3220 singulis
767 3132 878 3219 posuit
893 3132 1021 3218 aliquas
1036 3131 1159 3217 species
1174 3153 1182 3209 ;
1205 3130 1360 3217 quoniam

245 3312 248 3316 ,
308 3235 349 3300 de
378 3236 507 3302 actione
529 3241 564 3302 et
598 3236 755 3322 passione,
789 3234 930 3321 quando,
953 3234 1021 3313 ubi,
1056 3234 1133 3314 situ,
1168 3238 1202 3299 et
1233 3232 1361 3312 habitu,

308 3338 433 3403 nullam
456 3339 552 3426 ponit
574 3338 772 3405 divisionem
795 3337 976 3425 specierum
1007 3336 1044 3400 in
1077 3335 1162 3402 libro
1196 3335 1360 3402 Praedica-

307 3447 503 3522 mentorum,
542 3463 603 3508 nco
649 3442 749 3506 etiam
784 3441 820 3506 in
851 3441 969 3527 quinto
1007 3438 1267 3526 Metaphysiose3
1304 3440 1362 3505 sed

307 3544 413 3630 magis
435 3543 612 3630 distinguit
634 3544 681 3608 ibi
704 3543 890 3631 significata
911 3541 1118 3629 multiplicia,
1142 3548 1180 3607 ut
1203 3547 1297 3628 patet
1319 3562 1362 3606 ex

307 3645 364 3710 illo
386 3645 479 3712 libro.
527 3645 598 3712 Neo
621 3647 662 3711 de
685 3646 880 3724 substantia,
903 3667 963 3710 nec
986 3644 1027 3711 de
1049 3644 1217 3724 relatione,
1240 3643 1298 3709 sed
1321 3643 1362 3707 de

309 3747 498 3833 quantitate
521 3753 556 3814 et
578 3748 740 3834 qualitate
764 3747 948 3835 expressius
970 3746 1067 3832 ponit
1088 3746 1211 3832 species
1226 3745 1361 3829 aliquas,

308 3850 455 3916 sednon
479 3873 601 3917 omnes.
649 3851 727 3916 Non
750 3856 862 3915 tamen
878 3849 944 3914 fuit
959 3847 1154 3913 Aristoteles
1169 3846 1365 3912 diminutus.

309 3952 398 4018 Nam
421 3958 535 4020 texere
558 3975 672 4020 omnes
695 3954 815 4040 species
838 3951 1168 4039 praedicamentorum
1200 3954 1250 4015 est
1285 3949 1363 4014 dare

310 4056 468 4122 notitiam
501 4056 649 4122 omnium
676 4077 786 4121 rerum
808 4053 988 4120 secundum
1011 4049 1225 4117 diffinitiones
1255 4072 1361 4119 veras.

311 4158 399 4238 Quia
420 4163 588 4246 oporteret
611 4159 793 4245 quamlibet
815 4156 930 4223 elicere
953 4177 996 4222 ex
1017 4175 1145 4242 genere,
1168 4175 1227 4240 per
1249 4152 1362 4219 divisi·

308 4282 406 4326 onem
429 4261 500 4347 ejus
522 4263 558 4326 in
581 4261 783 4328 differentias
805 4259 975 4347 specificas.
1022 4257 1089 4324 Sed
1111 4256 1172 4323 hoo
1197 4262 1248 4323 est
1274 4255 1361 4343 quod

308 4363 344 4428 in
359 4364 513 4430 omnibus
534 4364 680 4430 scientiis
702 4363 943 4450 investigatur3
977 4366 1012 4428 et
1026 4382 1185 4448 magnum
1207 4360 1363 4427 volumen

309 4467 343 4531 et
381 4465 521 4553 speciale
558 4465 739 4552 requiritur
776 4463 819 4530 ad
852 4464 920 4530 hoc
983 4461 1029 4530 Et
1066 4462 1139 4530 ideo
1178 4461 1289 4529 omisit
1326 4461 1362 4527 in

309 4642 321 4647 -
345 4642 437 4648 .........
444 4641 502 4649 ..-

340 4716 440 4792 ¹'dixir]
459 4724 598 4791 duringuit,
609 4721 640 4777 B.
653 4723 678 4776 ii.
690 4733 723 4790 23
740 4742 764 4778 v.
777 4731 800 4776 a.
826 4721 832 4793 Ι
886 4722 994 4791 Upim]
1014 4738 1060 4777 nec
1072 4723 1140 4785 alibi,
1152 4736 1220 4792 ergo,
1232 4723 1264 4778 Β.
