3586 5640
284 940 390 990 Bucon’s

284 1006 428 1068 objections.

287 2771 327 2822 No
339 2775 424 2825 bodies

286 2839 312 2888 iu
327 2857 442 2904 vacuum,

285 2907 409 2958 therefore

286 2988 319 3022 no
330 2975 424 3025 motion
434 2994 441 3036 ς

454 746 518 807 152
834 759 962 808 noenu
985 758 1131 809 ricolus
1416 744 1503 832 [cir.

451 933 540 996 nium
559 953 707 1012 vacuum,
725 938 762 996 ut
785 931 970 1018 philosophi
988 937 1180 1018 posuerunt,
1196 937 1231 996 et
1253 937 1293 996 ut
1309 931 1504 997 Aristoteles

452 1035 559 1099 utitur
579 1040 695 1100 contra
718 1056 780 1111 eos,
800 1038 850 1098 est
871 1034 1016 1120 spatium
1036 1053 1188 1114 vacuum,
1211 1033 1336 1098 habens
1357 1033 1503 1119 longum,

452 1137 566 1216 letum,
599 1141 633 1202 et
662 1135 875 1222 profundum,
908 1157 1021 1201 cerens
1050 1141 1163 1201 tomen
1193 1135 1401 1201 naturalibus
1433 1156 1505 1221 pas-

452 1238 607 1314 sionibus
633 1260 707 1323 quae
735 1243 815 1303 sunt
839 1237 991 1314 calidum,
1017 1237 1186 1324 frigidum,
1213 1259 1334 1315 rorum,
1357 1237 1504 1316 densum,

453 1340 557 1419 molle,
582 1340 710 1420 durum,
734 1361 844 1426 grave,
867 1339 951 1419 leve,
973 1344 1008 1404 et
1030 1339 1227 1425 hujusmodi.

498 1440 564 1506 Sed
601 1442 663 1506 hoo
700 1441 843 1526 spatium
881 1441 927 1505 sic
957 1441 1102 1527 positum
1132 1439 1234 1506 habet
1264 1440 1352 1505 unde
1381 1441 1506 1526 repleat

452 1543 559 1609 locum
589 1549 623 1608 et
653 1565 824 1628 nunquam
854 1543 949 1608 cedat
979 1543 1085 1622 alicui,
1117 1547 1156 1607 ut
1191 1542 1271 1608 dicit
1302 1542 1505 1622 Aristoteles,

454 1645 599 1731 capitulo
638 1645 690 1710 De
734 1645 874 1724 Vacuo;
920 1644 1076 1730 quoniam
1114 1665 1175 1731 per
1211 1645 1335 1710 trinam
1382 1646 1507 1711 dimen-

453 1747 578 1811 sionem
610 1767 727 1832 corpus
751 1746 923 1831 quodlibet
957 1747 1062 1833 replet
1095 1745 1210 1813 locum.
1258 1747 1358 1812 Unde
1389 1768 1507 1834 corpus

453 1849 604 1913 naturale
634 1870 702 1914 non
725 1849 831 1935 replet
859 1847 968 1914 locum
997 1853 1133 1935 propter
1156 1849 1297 1914 colorem
1322 1854 1357 1914 et
1379 1849 1506 1936 frigidi·

453 1955 565 2027 tatem,
593 1951 648 2015 vel
690 1950 788 2015 olium
825 1950 1009 2036 passionem
1048 1950 1243 2031 naturalem,
1280 1951 1337 2016 sed
1374 1955 1509 2038 propter

453 2053 575 2118 trinum
602 2051 862 2132 dimensionem
911 2057 946 2117 et
982 2051 1057 2118 ideo
1095 2074 1169 2119 cum
1206 2074 1349 2118 vacuum
1385 2052 1508 2119 hubent

454 2153 642 2239 hujusmodi
687 2155 937 2233 dimensionem,
981 2157 1098 2219 natum
1153 2158 1205 2220 est
1257 2155 1365 2220 locum
1410 2177 1506 2220 suum

453 2257 586 2342 replere,
640 2257 725 2322 sicut
762 2258 978 2342 quodcunque
1023 2278 1141 2343 corpus
1186 2257 1347 2323 naturale.
1437 2258 1509 2323 Nec

453 2363 564 2442 potest
600 2359 721 2435 cedere,
760 2357 838 2442 quio
874 2358 1001 2422 nullom
1039 2359 1225 2445 passionem
1265 2358 1368 2424 habet
1412 2365 1509 2425 natu-

454 2459 564 2522 ralem.
612 2458 739 2544 Corpus
777 2459 865 2523 enirn
910 2459 968 2523 clii
1006 2481 1074 2524 non
1113 2461 1202 2526 cedit
1231 2459 1295 2526 nisi
1327 2460 1407 2546 quie
1435 2461 1507 2527 est¹

454 2559 561 2639 molle,
591 2564 625 2625 et
655 2559 844 2646 hujusmodi
875 2560 1052 2626 causetur²
1090 2584 1111 2626 c
1136 2562 1354 2648 qualitatibus
1383 2563 1507 2650 primis,

454 2683 528 2746 quoe
558 2667 638 2727 sunt
660 2661 811 2741 calidum,
842 2661 1009 2748 frigidum,
1036 2663 1218 2744 humidum,
1251 2665 1393 2746 siccum3
1430 2688 1508 2754 ergo

454 2787 595 2830 vacuum
633 2764 717 2829 nulli
755 2765 881 2852 corpori
919 2760 1028 2832 cedit.³
1104 2766 1169 2833 Sed
1206 2773 1316 2834 motus
1353 2791 1422 2834 non
1459 2776 1510 2836 est

453 2868 518 2933 nisi
564 2869 622 2933 ubi
660 2867 806 2933 medium
850 2868 939 2933 cedit
976 2868 1099 2946 mobili,
1146 2869 1224 2955 quic
1265 2871 1363 2937 aliter
1400 2879 1509 2940 essent

454 2970 518 3036 duo
550 2993 685 3058 corpora
711 2970 830 3051 simul;
861 2992 939 3058 ergo
966 2971 1165 3056 relinquitur
1190 2971 1279 3057 quod
1306 2994 1373 3038 non
1400 2980 1509 3060 potest

454 3094 522 3138 esse
557 3073 676 3158 aliquis
710 3077 821 3138 motus
854 3073 997 3159 corporis
1038 3072 1075 3136 in
1106 3095 1219 3154 vacue,
1249 3096 1309 3139 nec
1349 3077 1510 3142 naturalis

453 3197 513 3239 nec
542 3175 762 3256 voluntarius,
793 3196 852 3239 nec
877 3172 1011 3261 aliquo⁴
1042 3175 1107 3240 olio
1138 3175 1236 3241 modo
1261 3179 1506 3264 excogitandos

454 3277 499 3340 Et
537 3276 607 3342 haec
646 3282 696 3341 est
742 3277 980 3342 demonstratio
1026 3277 1216 3343 Aristotelis
1254 3301 1367 3345 versus
1404 3281 1505 3346 finem

453 3378 592 3464 capituli
628 3378 678 3442 De
704 3378 824 3443 Vacuo.
879 3379 927 3444 Et
961 3379 1052 3443 istud
1094 3380 1244 3446 concedo.
1304 3381 1349 3446 Et
1384 3383 1507 3448 mirum

453 3485 503 3544 est
533 3480 621 3565 quod
651 3481 799 3545 doctores
823 3481 917 3568 vulgi
954 3503 1021 3545 non
1051 3481 1260 3546 considerant
1285 3482 1347 3550 hoc
1371 3506 1445 3550 cum
1471 3485 1507 3551 in

453 3604 512 3646 suo
543 3587 640 3647 textu
670 3582 835 3648 consistat
896 3583 942 3648 Et
979 3605 1054 3648 cum
1083 3583 1240 3670 objicitur
1269 3606 1327 3672 per
1363 3587 1508 3653 ret—iones

453 3691 521 3750 tres
559 3685 690 3771 primas,
718 3685 806 3771 quod
844 3684 892 3749 ibi
931 3685 1035 3772 possit
1072 3707 1140 3751 esse
1177 3691 1295 3764 motus,
1333 3687 1411 3754 licet
1439 3712 1507 3754 non

452 3787 622 3868 naturalis,
644 3787 817 3853 dicendum
844 3787 1006 3874 estquod
1033 3787 1093 3853 hoc
1120 3794 1205 3854 esset
1231 3810 1356 3871 verum,
1383 3789 1411 3855 si
1438 3791 1508 3856 sole

453 3891 623 3974 quantitas
646 3891 746 3977 spatii
776 3889 1047 3971 consideraretur,
1071 3895 1111 3955 ut
1133 3891 1199 3956 illm
1221 3891 1366 3958 rationes
1395 3914 1505 3979 proce·

453 3992 544 4056 dunt.
586 3993 651 4057 Sed
667 3993 757 4057 eliud
773 3999 824 4058 est
844 3992 1046 4078 impediens3
1068 3991 1192 4058 scilicet
1206 3994 1294 4080 quod
1314 4016 1382 4060 non
1396 4000 1507 4081 potest

452 4116 593 4158 vacuum
632 4096 745 4160 cedere
783 4095 920 4182 corpori,
966 4101 1001 4160 et
1038 4094 1111 4160 ideo
1149 4116 1209 4162 nec
1246 4101 1357 4183 potest
1394 4097 1430 4162 in
1467 4121 1505 4165 eo

452 4194 550 4278 recipi
574 4217 634 4260 nec
659 4197 791 4262 moveri.

486 4488 491 4517 ¹
504 4487 552 4550 est]
573 4501 622 4537 orn.
640 4487 671 4537 Τ.
1033 4490 1130 4557 'oedit]
1150 4493 1227 4552 cedet,
1245 4492 1274 4543 B.
1287 4492 1317 4544 1³.
1328 4493 1358 4543 T.

482 4566 632 4630 '²cuusatur]
668 4582 696 4616 so
725 4566 779 4625 '1'.;
809 4570 886 4633 tonpit
922 4569 948 4618 iu
1033 4569 1147 4636 ‘aliqqu
1167 4587 1215 4623 om.
1234 4571 1264 4623 T.

450 4646 554 4695 another
564 4645 638 4695 hund.
678 4645 806 4711 lunpitur,
819 4647 848 4698 L.
