3586 5640
317 767 399 853 vn]
654 785 884 837 comanorum
906 788 1033 837 sronn.
1302 774 1366 838 451

315 957 549 1045 etymologiam
583 959 699 1045 recipit
731 959 774 1024 ab
798 981 845 1039 eo,
880 966 919 1025 ut
956 965 1124 1025 ostensum
1158 967 1214 1027 cst.
1278 962 1365 1028 Item

316 1062 402 1143 quod
434 1062 556 1141 dicunt,
580 1063 668 1148 quod
699 1064 796 1128 datur
824 1086 883 1149 pro
913 1087 948 1129 re
978 1064 1067 1130 bona
1099 1087 1167 1130 non
1188 1088 1248 1152 pro
1271 1068 1367 1146 mala,

314 1160 433 1228 falsum
471 1171 528 1231 est.
604 1166 638 1229 N
640 1188 693 1230 am
732 1166 837 1231 Judas
874 1167 961 1231 filius
1004 1166 1109 1232 Jacob
1148 1167 1240 1233 dedit
1278 1191 1367 1234 arra·

313 1262 432 1329 bonem
469 1288 528 1352 pro
565 1266 788 1345 fornicatione,
811 1273 851 1332 ut
884 1267 1094 1334 manifestum
1126 1275 1175 1334 est
1207 1291 1249 1334 ex
1284 1294 1367 1357 prae·

313 1365 402 1431 dioto
434 1369 576 1455 capitulo
604 1369 746 1435 Genesis.
794 1369 891 1450 Quod
914 1370 1014 1434 etiam
1048 1370 1164 1435 dicunt
1199 1372 1287 1455 quod
1318 1378 1368 1438 est

313 1488 407 1548 arro,
445 1470 563 1535 falsum
600 1479 659 1550 est,
698 1472 776 1557 quia
797 1493 883 1537 acro
913 1477 964 1537 est
1000 1494 1076 1558 pars
1114 1473 1213 1559 pretii
1251 1474 1366 1558 prima,

314 1592 388 1654 quae
426 1571 523 1638 datur
555 1574 592 1637 in
625 1575 784 1661 principio
806 1574 974 1652 vendenti,
1006 1597 1105 1659 quam
1135 1581 1267 1661 emptor
1301 1598 1369 1641 non

313 1673 441 1757 repetit,
481 1680 519 1740 ut
556 1697 668 1741 omnes
699 1677 815 1742 sciunt.
862 1677 928 1743 Sed
961 1676 1112 1743 arrabon
1150 1684 1199 1742 est
1236 1679 1367 1763 proprie

314 1775 434 1860 pignus
465 1778 552 1862 quod
574 1778 617 1842 ad
648 1785 778 1865 tempus
800 1780 945 1844 traditur
975 1801 1035 1866 pro
1058 1780 1163 1866 pretio
1196 1780 1366 1865 promisso,

313 1883 347 1941 et
369 1879 529 1965 repetitur
551 1881 658 1945 soluto
689 1881 803 1966 pretio,
835 1882 920 1946 siout
953 1886 1046 1967 patet
1071 1881 1108 1944 in
1141 1878 1266 1946 Genesi.
1315 1880 1368 1946 Ut

312 1978 336 2043 J
338 1981 418 2045 udas
440 1983 591 2068 promisit
613 1983 745 2048 haedum
768 2004 827 2068 pro
850 1983 955 2068 pretio
977 1982 1176 2048 concubitus.
1224 1983 1269 2047 Et
1292 2005 1367 2048 cum

312 2104 379 2146 non
410 2085 547 2149 haberet
583 2084 715 2149 hoedum
753 2091 947 2171 praesentem
986 2092 1020 2151 et
1057 2085 1201 2150 Thamar
1237 2090 1366 2171 peteret

313 2185 441 2270 pignus,
465 2186 603 2251 tradidit
625 2209 685 2273 pro
707 2187 843 2274 pignore
866 2187 1029 2251 armillam
1052 2193 1087 2253 et
1111 2187 1275 2252 baculum
1321 2188 1367 2253 Et

313 2287 374 2352 hoe
405 2289 525 2374 pignus
554 2294 691 2354 vocatm
712 2290 760 2354 ibi
784 2288 943 2370 arrabon,
968 2289 1053 2355 siout
1074 2288 1286 2355 manifestum
1317 2296 1368 2355 est

312 2389 466 2455 omnibus
488 2390 610 2477 legenti
634 2397 773 2456 textum.
818 2393 864 2456 Et
887 2391 944 2476 qui
968 2393 1029 2457 soit
1052 2391 1233 2456 Hebraeum
1256 2396 1366 2477 potest

312 2491 372 2556 hoo
403 2493 541 2578 probaro
575 2516 633 2579 per
656 2493 815 2559 Hebraeos
847 2515 959 2560 omnes
991 2499 1090 2579 atque
1121 2516 1179 2580 por
1203 2493 1364 2560 Graecum.

312 2594 401 2658 Nam
425 2595 558 2660 Graecus
580 2596 688 2661 utitur
712 2596 774 2661 hae
796 2597 940 2662 dictione
962 2618 1021 2684 pro
1036 2597 1172 2683 pignore
1184 2620 1192 2676 ;
1208 2597 1363 2682 quoniam

311 2698 353 2761 ad
378 2696 493 2783 Ephes
527 2697 562 2784 [i
588 2698 668 2783 14.],
693 2704 727 2764 et
756 2699 949 2765 multotiens
980 2699 1068 2778 alibi,
1101 2698 1160 2763 ubi
1182 2721 1241 2763 nos
1265 2699 1362 2764 habe·

310 2822 382 2864 mus
413 2800 541 2887 pignus,
574 2799 706 2865 Graecus
733 2801 834 2867 habet
863 2800 1020 2868 arrabon.
1081 2800 1363 2866 Considerandum

310 2908 359 2967 est
382 2903 482 2967 etiam
506 2902 594 2988 quod
616 2903 716 2988 aliqui
742 2903 862 2980 Latini,
878 2905 914 2967 in
930 2903 1043 2968 Graeco
1058 2903 1165 2987 periti,
1187 2902 1364 2967 credebant

309 3005 398 3088 quod
442 3004 589 3070 arrabon
637 3010 721 3070 esset
759 3005 918 3070 Graeoum.
988 3004 1033 3068 Et
1077 3005 1114 3067 in
1159 3004 1363 3088 expositione

310 3107 543 3171 vocabulorum
567 3107 755 3172 Graeeorum
784 3111 964 3192 posuerunt
994 3104 1063 3169 haec
1085 3103 1246 3168 vocabula
1276 3105 1363 3169 inter

311 3207 433 3285 Graeca,
457 3214 591 3294 propter
612 3207 682 3285 hoo,
700 3207 789 3293 quod
804 3208 839 3271 in
853 3207 967 3272 Graeoo
989 3209 1087 3270 textu
1109 3206 1280 3270 invenitur
1302 3206 1363 3272 hoe

310 3309 512 3373 vocabulum.
558 3308 637 3373 Non
669 3316 718 3374 est
750 3314 861 3372 autem
897 3308 1054 3384 Graecum,
1088 3308 1145 3373 sed
1169 3307 1360 3389 Hebraeum,

309 3411 395 3475 sieut
425 3412 533 3474 sciunt
564 3433 676 3476 omnes
700 3410 845 3488 Hebraei‚
876 3415 910 3475 et
939 3409 1109 3474 invenitur
1139 3410 1175 3474 in
1206 3411 1358 3490 HebraeO,

309 3513 344 3576 in
367 3513 436 3577 loeo
451 3512 608 3598 praedicto
630 3518 665 3577 et
679 3512 765 3576 alibi.
813 3512 879 3577 Sed
901 3512 1011 3597 aliqua
1033 3511 1193 3577 vocabula
1216 3513 1360 3579 Hebraea

308 3620 387 3678 sunt
432 3614 467 3677 in
513 3635 575 3678 usu
613 3612 810 3691 Graecorum,
846 3613 931 3679 siout
969 3614 1128 3679 vocabula
1167 3614 1280 3679 Groeca
1325 3620 1359 3679 et

310 3716 454 3781 Hebraea
476 3722 554 3780 sunt
576 3717 612 3779 in
633 3738 695 3780 usu
711 3717 913 3781 Latinorum.
954 3716 1040 3795 Quia
1062 3716 1220 3802 posterior
1242 3716 1357 3801 lingua

307 3841 327 3881 a
350 3819 451 3903 priori
475 3817 582 3881 multa
604 3819 763 3883 vocabula
792 3819 922 3905 recepit,
947 3823 987 3882 ut
1008 3823 1102 3905 patet
1131 3818 1166 3880 in
1189 3817 1356 3882 vocabulis

306 3923 454 4006 superius
476 3920 663 3985 nominatis.

351 4023 397 4088 Et
418 4046 487 4089 non
518 4023 624 4088 solum
656 4028 769 4088 errant
802 4023 858 4088 isti
891 4027 1039 4088 auctores
1072 4021 1142 4087 ficti
1176 4027 1210 4086 et
1244 4043 1356 4087 omnes
1368 4032 1448 4084 'meir

305 4148 363 4212 per
385 4149 448 4207 eos,
473 4126 562 4212 quod
585 4125 729 4191 Hebraea
761 4131 795 4191 et
827 4126 941 4190 Graeca
972 4125 1110 4189 eredunt
1133 4146 1201 4189 esse
1236 4101 1524 4220 Lalifflfflddeferln

304 4235 339 4293 et
373 4231 455 4294 dant
488 4231 535 4294 eis
569 4229 723 4294 Latinam
757 4228 1016 4309 derivationem3
1040 4227 1097 4292 sed
1129 4227 1281 4292 similiter
1302 4235 1474 4294 ao-vations.

304 4332 385 4396 cidit
417 4332 463 4396 eis
498 4332 539 4396 de
574 4330 702 4396 Latinis
725 4331 823 4417 puris
869 4331 993 4417 Aliqua
1026 4330 1114 4396 enim
1136 4335 1214 4394 sunt
1237 4330 1356 4397 Latina

304 4456 397 4519 pura,
436 4439 476 4497 ut
508 4433 636 4512 eoelum,
661 4434 749 4520 quod
782 4434 898 4498 dicunt
924 4455 993 4498 esse
1031 4454 1137 4497 casam
1176 4430 1287 4513 telios,
1322 4434 1357 4497 id

304 4541 453 4614 estesse
479 4536 565 4613 solis,
589 4536 768 4600 secundum
795 4525 998 4601 intellectum
1020 4556 1156 4614 eorum;
1179 4535 1256 4619 quia
1279 4535 1357 4610 ἥλιος

303 4638 339 4702 in
367 4637 480 4704 Graeoo
511 4644 562 4703 est
593 4638 641 4704 sol
672 4639 709 4703 in
744 4639 886 4721 Latin03
924 4661 998 4706 eum
1027 4644 1141 4705 tamen
1163 4637 1282 4702 eoelum
1314 4637 1358 4701 sit

1118 4753 1223 4817 rr2
