3586 5640
303 815 448 903 urna]
696 827 784 880 orus
805 825 965 879 rnarmn
1289 814 1352 877 105

303 1016 426 1081 tionem
443 1014 603 1079 malarum
618 1011 930 1098 consequentiarum.
968 1010 1178 1097 Quapropter
1193 1011 1234 1075 de
1249 1009 1356 1097 logica
1370 1012 1493 1078 0n1ythe

304 1124 339 1182 et
364 1116 580 1204 grammatica
606 1137 673 1179 non
704 1120 755 1179 est
785 1113 965 1179 necessaria
994 1112 1168 1177 instructio
1201 1113 1356 1191 humana,
1370 1081 1520 1210 ἷοζέζῆιθᾱμ

304 1219 368 1284 nisi
398 1224 532 1305 propter
561 1217 722 1284 vocabula
765 1217 961 1303 linguarum,
1008 1214 1127 1299 quibus
1167 1215 1293 1279 utimur
1323 1213 1400 1278 inof
1409 1228 1493 1279 gram-

306 1321 481 1386 collatione
506 1319 657 1385 facienda
682 1341 756 1384 cum
782 1318 865 1397 aliia,
889 1321 1022 1402 propter
1047 1316 1272 1382 necessitatem
1298 1280 1492 1411 sci-ffl‘l

306 1424 406 1489 entim
429 1422 608 1488 secundum
627 1442 669 1486 ae.
701 1421 747 1485 Et
762 1420 836 1484 ideo
852 1424 946 1506 patet
961 1418 1048 1504 quod
1069 1417 1174 1505 logica
1196 1424 1230 1484 et
1251 1441 1360 1505 gram·
1373 1413 1469 1479 quiret

307 1525 428 1591 matica
457 1532 536 1590 sunt
565 1523 784 1590 accidentales
814 1521 969 1600 scientiae,
997 1525 1032 1585 ct
1061 1542 1128 1586 non
1154 1521 1357 1607 principales,

308 1635 470 1715 quantum
491 1629 534 1694 ad
560 1623 801 1693 inventioncm¹
830 1629 864 1689 et
879 1623 1083 1702 doctrinam
1107 1623 1164 1688 sed
1178 1623 1309 1711 linguae,
1326 1624 1362 1688 in

309 1732 428 1817 quibus
442 1731 512 1796 haec
527 1730 741 1816 explicantur,
757 1731 950 1813 quaeruntur
975 1747 1031 1812 per
1053 1725 1299 1791 inventionem¹
1329 1732 1364 1792 et

311 1833 501 1914 doctrinam,
523 1838 562 1897 ut
584 1836 706 1918 praesto
730 1831 813 1894 fiant
836 1833 961 1894 mutuae
986 1827 1164 1893 voluntatis
1188 1827 1317 1894 indicia.

722 2088 802 2158 Car.
835 2088 963 2157 XXIX.

360 2294 409 2358 Er
433 2293 507 2359 ideo
533 2299 606 2380 post
628 2293 817 2381 linguarum
832 2293 1061 2359 necessitatem
1099 2292 1210 2380 pono2
1240 2292 1535 2376 matha-Themes-

314 2397 469 2461 maticam
494 2418 562 2461 esse
588 2397 623 2460 in
652 2397 794 2462 secundo
820 2395 891 2461 loco
915 2395 1135 2476 necessariam,
1172 2395 1214 2460 ad
1245 2395 1305 2461 hoc
1329 2399 1368 2459 ut
1379 2364 1532 2492 {ffissff'

314 2499 455 2563 sciamus
481 2520 555 2585 quae
586 2499 717 2565 scienda
743 2503 843 2578 sunt;
867 2520 942 2583 quae
978 2518 1046 2562 non
1075 2503 1125 2564 est
1161 2503 1243 2563 nota
1273 2497 1529 2576 nobisuthefipt

316 2623 375 2687 per
404 2606 582 2682 naturam3
619 2601 677 2666 sed
708 2606 822 2667 tamen
853 2607 904 2666 est
933 2622 1034 2687 prope
1060 2601 1280 2687 cognitionem
1311 2564 1531 2692 narfflffi

315 2703 458 2769 turalem
484 2704 573 2768 inter
596 2724 710 2768 omncs
735 2703 889 2768 scientius
915 2725 998 2789 quas
1024 2703 1142 2768 scimus
1170 2726 1227 2790 per
1251 2703 1366 2768 inven·
1381 2699 1424 2778 tha
1439 2707 1538 2750 nearest

316 2805 441 2872 tionem
480 2810 514 2871 et
551 2804 747 2871 doctrinam.
794 2804 883 2870 Nam
921 2806 991 2892 ejus
1028 2805 1207 2891 speculatio
1244 2773 1512 2870 homotoniae.

319 2914 370 2974 est
398 2907 554 2974 omnibus
581 2908 735 2985 scientiis,
773 2929 811 2973 eo
838 2908 927 2993 quod
958 2907 1052 2994 pueri
1086 2908 1200 2971 statim
1235 2908 1370 2992 capiunt

317 3011 375 3077 has
398 3011 560 3090 scientias,
596 3010 681 3076 sicut
713 3009 864 3076 videmus
876 3033 885 3090 ;
917 3015 951 3075 et
977 3009 1171 3074 Aristoteles
1200 3008 1261 3073 hoc
1288 3008 1370 3074 dicit

318 3115 456 3202 septimo
486 3112 680 3178 Ethicorum
698 3111 730 3194 ;8
767 3135 836 3178 non
865 3113 912 3177 sic
934 3112 1101 3178 naturales
1134 3110 1298 3190 scientias,
1333 3116 1367 3176 et

319 3214 567 3303 metaphysicas,
583 3221 618 3280 et
633 3215 722 3280 alias.
769 3215 815 3280 Et
829 3220 987 3302 praetcrea
1007 3215 1082 3280 lalci
1097 3213 1205 3280 sciunt
1225 3214 1266 3279 de
1281 3213 1370 3280 facili

320 3317 470 3404 figurare,
493 3322 528 3383 et
558 3339 739 3394 numerare,
771 3323 807 3382 et
836 3321 978 3394 cantare,
1004 3322 1039 3383 et
1064 3317 1116 3383 uti
1140 3317 1371 3383 instrumentis

320 3418 539 3499 musicalibus,
569 3423 605 3484 et
635 3419 793 3496 exultare,
832 3424 868 3485 et
904 3425 1016 3506 gestus
1053 3419 1157 3486 facere
1194 3421 1373 3486 conformes

321 3521 434 3587 cantui
462 3526 497 3587 et
527 3543 607 3586 sono
637 3521 953 3587 instrumentorum:
1001 3527 1035 3588 et
1065 3522 1136 3589 haec
1160 3524 1271 3588 omnia
1295 3527 1374 3586 sunt

322 3646 419 3711 opera
457 3623 708 3690 mathematicae.
777 3623 986 3712 Quapropter
1023 3631 1155 3711 oportet
1201 3625 1290 3710 quod
1328 3624 1375 3688 sit

322 3726 428 3792 facilis
450 3725 598 3802 scientia,
625 3729 661 3792 et
686 3726 780 3813 quasi
804 3727 929 3808 innata,
954 3726 1008 3792 vel
1032 3748 1131 3813 prope
1155 3727 1375 3813 cognitionem

323 3827 481 3894 innatam.
543 3828 656 3915 Atque
676 3833 810 3917 propter
832 3829 893 3894 hoc
915 3828 1065 3915 sequitur
1087 3829 1174 3914 quod
1198 3833 1249 3894 est
1270 3829 1377 3915 prima
1389 3838 1506 3892 without
1516 3839 1537 3892 it

323 3932 545 4012 scientiarum,
570 3930 640 3996 sine
663 3931 785 4017 quibus
808 3931 882 3997 aliae
904 3931 979 3996 sciri
1001 3952 1070 3995 non
1092 3935 1240 4016 possunt.
1291 3931 1378 4012 Quia
1390 3907 1517 4025 fflffim

323 4032 382 4098 illa
412 4039 462 4098 est
491 4033 689 4098 naturaliter
718 4034 834 4119 prima,
866 4056 940 4119 quae
967 4032 1149 4098 communis
1175 4039 1226 4098 est
1256 4034 1378 4099 clericis
1390 4040 1491 4094 known·
1559 4060 1565 4073 ·

325 4141 360 4201 et
381 4135 481 4212 lalcis,
508 4140 543 4201 et
565 4157 640 4221 quae
664 4135 819 4200 convenit
842 4135 947 4200 statui
973 4134 1098 4222 puerili.
1146 4135 1192 4202 Et
1213 4135 1286 4202 ideo
1308 4136 1378 4204 haec

324 4237 462 4304 scientia
483 4235 549 4302 suit
571 4236 677 4324 primo
693 4237 774 4303 data
795 4236 920 4302 mundo
942 4259 963 4303 a
984 4237 1144 4325 principio
1167 4237 1242 4325 ejus.
1288 4239 1377 4305 Nam

326 4340 436 4406 Adam
464 4346 499 4405 et
522 4339 584 4405 filii
612 4341 663 4407 sui
686 4363 707 4406 a
729 4340 801 4406 Deo
823 4345 1017 4427 receperunt
1039 4362 1131 4424 eam3
1171 4347 1206 4407 et
1227 4363 1286 4429 per
1307 4343 1378 4407 lon-

361 4631 549 4700 'inratioach
593 4635 763 4699 intentionem,
792 4639 822 4690 Τ.
901 4642 995 4709 ²poao]
1015 4645 1087 4709 Opus
1100 4645 1192 4709 sinus,
1204 4662 1227 4711 p.
1241 4651 1280 4698 57.

327 4711 401 4763 twice
413 4733 421 4775 ς
433 4714 463 4767 L
475 4714 503 4766 in
514 4716 556 4767 tho
568 4715 623 4770 first
633 4717 745 4771 innume
757 4721 824 4787 only.
901 4718 1077 4790 ’EttimrumJ
1096 4725 1129 4775 ri.
1143 4731 1166 4776 8.
