3586 5640
311 799 409 894 nnn]
694 815 784 867 orus
813 816 977 873 raauvu.
1293 806 1359 878 285

309 997 359 1060 est
381 990 535 1079 possibile
568 996 608 1056 ut
630 991 720 1056 aliud
750 995 880 1079 tempus
903 992 963 1058 boc
985 992 1073 1057 idem
1095 992 1205 1072 faciat,
1229 994 1294 1060 nisi
1316 995 1361 1062 sit

309 1096 340 1162 ei
373 1094 497 1180 aequale
520 1093 575 1161 vel
606 1093 789 1181 multiplex.
835 1094 901 1161 Sed
933 1095 1044 1161 decem
1072 1099 1106 1161 et
1128 1116 1249 1161 novem
1280 1097 1360 1162 anni

308 1195 494 1264 kalendarii
515 1195 621 1262 nostri
643 1217 711 1262 uon
726 1202 904 1282 aequantur
925 1197 1067 1284 triginta
1088 1198 1185 1263 annis
1201 1198 1360 1279 Arabum,

309 1321 369 1366 nec
400 1303 480 1365 sunt
514 1298 561 1364 eis
592 1298 813 1385 multiplices3
836 1299 916 1386 quia
945 1299 1089 1387 triginta
1111 1300 1261 1368 Arabum
1284 1322 1361 1369 eon·

307 1403 418 1468 tinent
440 1401 562 1488 viginti
584 1421 705 1467 novem
728 1421 831 1466 annos
861 1400 991 1478 solares,
1016 1406 1051 1467 et
1073 1423 1178 1469 unum
1200 1424 1357 1484 mensem,

309 1510 344 1572 et
381 1509 455 1570 octo
493 1502 570 1571 diss
646 1503 735 1592 Ergo
772 1503 975 1589 relinquitur
1017 1504 1107 1591 quod
1144 1506 1360 1574 novendecim

309 1607 389 1672 anni
426 1605 545 1673 solares
581 1627 649 1671 non
686 1609 825 1694 possunt
858 1605 983 1693 aequari
1016 1629 1095 1674 vero
1121 1607 1212 1694 cyclo
1242 1609 1362 1697 prima-

309 1710 449 1788 tionum,
481 1730 542 1775 nec
575 1729 633 1798 per
669 1728 868 1794 consequens
905 1709 1122 1776 novendecim
1156 1710 1240 1776 anni
1278 1710 1361 1798 cycli

309 1811 588 1891 decennovenalis,
619 1814 654 1877 et
675 1811 751 1878 ideo
773 1810 884 1898 cyclus
918 1811 1190 1880 decennovenalis
1214 1835 1288 1896 ,non
1310 1819 1362 1884 est

308 1937 406 1981 verus
427 1915 539 2001 cyclus
561 1913 804 2002 primationum.

353 2017 518 2084 Praeterea
554 2017 647 2084 istud
676 2021 787 2104 potest
824 2016 930 2102 magis
967 2016 1004 2082 in
1033 2017 1224 2104 particulari
1255 2019 1360 2084 mani·

308 2120 432 2200 lestari,
465 2125 504 2185 ut
541 2124 724 2206 appareant
755 2118 1024 2184 inconvenientia
1060 2119 1152 2205 prius
1180 2121 1359 2188 nominata

309 2222 398 2288 Nam
422 2221 543 2307 singuli
559 2220 773 2287 novendecim
795 2220 876 2287 enni
899 2220 1019 2287 solares
1034 2241 1098 2287 non
1124 2228 1202 2288 sunt
1218 2224 1360 2309 aequales

310 2325 352 2390 ad
386 2324 528 2389 invicem
540 2346 551 2403 3
585 2345 624 2390 eo
646 2323 735 2409 quod
758 2323 793 2388 in
816 2323 922 2409 primo
952 2328 1032 2389 sunt
1062 2329 1196 2390 tantum
1219 2332 1361 2412 quatuor

309 2427 479 2492 bisextiles
502 2425 590 2507 anni,
615 2425 707 2493 etin
729 2425 804 2490 aliis
825 2423 956 2492 tribus¹
982 2431 1062 2492 sunt
1084 2428 1248 2514 quinque:
1282 2431 1361 2514 quia

309 2535 448 2614 quartus
470 2550 576 2594 annus
602 2528 638 2594 in
660 2527 766 2615 primo
789 2528 879 2614 cyclo
901 2529 1067 2595 bisextilis
1089 2533 1149 2611 est,
1166 2534 1200 2596 et
1215 2535 1360 2612 octavus,

308 2637 343 2697 et
375 2632 594 2709 duodecimus,
618 2636 653 2697 et
686 2634 801 2695 sextus
832 2630 986 2710 decimus,
1026 2653 1065 2697 eo
1103 2633 1192 2717 quod
1225 2639 1362 2720 quartus

307 2755 414 2799 annus
436 2733 482 2799 sit
504 2753 631 2820 semper
652 2731 825 2798 bisextilis
886 2731 932 2798 Et
954 2732 1029 2798 ideo
1052 2733 1087 2797 in
1106 2735 1247 2800 secundo
1271 2736 1362 2821 cyclo

307 2837 432 2924 primus
464 2841 515 2902 est
544 2834 718 2914 bisextilis,
742 2839 777 2900 et
799 2832 845 2900 sic
875 2834 1022 2912 ulterius,
1047 2835 1096 2899 ita
1127 2836 1215 2922 quod
1246 2837 1282 2900 in
1305 2837 1362 2901 illo

307 2946 385 3006 sunt
418 2939 574 3026 quinque,
597 2943 637 3004 ut
670 2941 763 3024 patet
797 2935 1025 3002 consideranti.
1072 2936 1119 3001 Et
1142 2937 1296 3003 similiter
1325 2940 1360 3004 in

307 3040 436 3108 duobus
465 3039 587 3121 aliis;²
609 3043 644 3107 et
665 3044 746 3104 tunc
768 3038 891 3104 iterum
920 3037 1008 3104 redit
1035 3037 1153 3124 cyclus,
1177 3039 1235 3124 qui
1258 3039 1360 3106 habet

306 3148 451 3232 quatuor
479 3141 658 3220 bisextiles,
691 3145 727 3208 et
759 3139 1007 3228 subsequuntur
1044 3143 1112 3205 tres
1146 3141 1205 3228 qui
1234 3140 1360 3208 habent

306 3245 463 3333 quinque,
486 3250 522 3311 et
543 3244 589 3311 aic
612 3263 740 3330 semper
762 3241 866 3308 currit
888 3241 968 3307 ordo
991 3241 1164 3328 cyclorum.

352 3348 483 3414 Primus
504 3351 618 3415 autem
641 3345 753 3432 cyclus
775 3365 938 3410 annorum
960 3343 1120 3411 solarium
1142 3347 1359 3414 novendecim

307 3450 407 3518 habet
430 3448 564 3537 praecise
592 3469 653 3514 sex
676 3445 783 3513 millia
803 3446 1026 3535 noningentos
1061 3448 1201 3536 triginta
1237 3471 1358 3535 novem

306 3555 383 3633 dies,
406 3557 442 3618 et
463 3552 500 3619 in
530 3550 595 3617 illis
617 3550 828 3637 assignantur
859 3549 1010 3618 ducentae
1040 3549 1182 3637 triginta
1213 3552 1359 3637 quinque

305 3655 499 3723 lunationes
546 3652 614 3720 Sed
644 3653 673 3718 si
704 3650 1031 3738 multiplicaverimus
1065 3657 1196 3739 tempus
1221 3655 1359 3739 aequalis

305 3757 496 3835 lunationis,
519 3755 581 3822 hoc
603 3760 651 3822 cst
675 3755 799 3842 viginti
821 3753 964 3821 novem³
988 3755 1066 3832 dies,
1090 3755 1232 3841 triginta
1253 3777 1356 3821 unum

305 3861 444 3940 minuta,
467 3863 502 3926 et
524 3857 768 3944 quinquaginta
801 3856 951 3933 secunda,
975 3855 1012 3920 in
1044 3856 1186 3922 ducenta
1216 3856 1359 3944 triginta

306 3963 460 4050 quinque,
480 3959 689 4028 resultabunt
704 3980 763 4025 sex
773 3958 879 4024 millia
904 3957 1103 4044 noningenti
1130 3958 1271 4044 triginta
1301 3982 1358 4025 no·

305 4088 382 4132 vem
405 4065 484 4146 dies,
512 4069 548 4130 et
571 4061 792 4150 quadraginta
821 4060 953 4126 minuta
975 4064 1011 4126 et
1034 4061 1278 4146 quinquaginta
1308 4084 1357 4128 ae-

304 4167 433 4249 cunda;
456 4188 530 4254 quae
545 4170 624 4230 sunt
638 4164 711 4251 plus
727 4185 826 4249 quam
843 4163 917 4229 duoe
932 4162 1040 4228 tertiae
1056 4162 1155 4228 unius
1170 4163 1244 4229 diei.
1269 4163 1358 4245 Qua

305 4276 439 4359 propter
461 4267 631 4355 completis
646 4267 858 4333 novendecim
874 4265 979 4343 annis,
1002 4265 1202 4331 habentibus
1224 4271 1355 4332 tantum

306 4379 448 4461 quatuor
470 4372 540 4438 dies
562 4369 740 4448 bisextiles,
756 4369 902 4434 nondum
921 4368 1091 4454 completae
1113 4373 1192 4434 sunt
1207 4368 1357 4436 ducentae

305 4475 608 4564 trigintaquinque
630 4472 826 4550 lunationes,
844 4466 908 4536 sed
930 4472 1050 4537 desunt
1072 4470 1120 4536 eis
1135 4471 1358 4558 quadraginta

338 4702 449 4769 ¹ln'lmu]
468 4717 517 4753 om.
528 4701 558 4752 R
890 4696 997 4763 'vigim
1014 4696 1109 4767 noum]
1133 4696 1239 4763 triginta
1256 4712 1355 4759 novem,

343 4779 450 4833 'dadas
460 4779 530 4847 alib]
549 4778 606 4831 ailla
616 4777 721 4840 duobus,
732 4775 763 4829 B.
858 4789 910 4830 cor.
927 4775 957 4828 Ia
970 4775 1022 4844 (t).
