3586 5640
451 741 495 808 48
825 757 952 809 nonani
975 752 1122 809 riconis
1414 734 1505 833 [cna

450 932 698 1019 distinguantur
727 931 802 997 duas
839 938 958 1018 partes,
986 932 1130 1019 practica
1159 939 1194 997 at
1223 925 1433 1019 speculativa,
1464 939 1504 998 nt

439 1035 544 1100 ‹looet
566 1034 738 1100 Avioenna
759 1034 866 1121 primo
888 1034 982 1100 Artis
1004 1033 1198 1112 Medicinae,l
1227 1039 1340 1101 tamen
1367 1035 1502 1100 moralis

449 1136 656 1224 philosophia
680 1136 750 1202 sola
779 1136 900 1202 dieitur
922 1137 1164 1202 antonomatice
1189 1142 1224 1202 et
1253 1137 1382 1225 proprio
1411 1159 1502 1224 preo-

449 1239 537 1304 tioa:
562 1239 641 1326 quia
653 1235 812 1326 proniora
834 1238 956 1304 dicitur
977 1259 999 1303 a
1016 1237 1135 1324 praei,
1151 1239 1240 1325 quod
1262 1244 1312 1305 est
1327 1239 1504 1326 operalio,-

450 1346 485 1406 et
505 1360 616 1406 nona
645 1362 846 1428 quacunque,
871 1340 929 1407 ssd
951 1341 994 1406 ab
1020 1340 1208 1427 operatione
1233 1346 1355 1421 nostro,
1378 1342 1504 1408 scilicet

451 1441 493 1507 de
517 1442 641 1508 virtute
665 1447 700 1508 et
723 1443 816 1520 vitio,
842 1442 903 1507 de⁹
926 1441 1084 1508 felicitate
1107 1449 1143 1509 et
1164 1464 1271 1530 poena
1317 1443 1363 1509 Et
1392 1464 1504 1509 omnes

439 1544 526 1610 oliae
557 1539 713 1610 dicuntur
744 1543 964 1631 spectrlativae,
993 1565 1067 1630 quae
1099 1565 1167 1610 non
1196 1544 1405 1612 considerant
1434 1545 1504 1612 haeo

452 1665 550 1732 opera
571 1646 652 1713 vitae
674 1647 844 1733 praesentis
875 1650 910 1710 et
940 1645 1070 1727 futura,
1094 1645 1214 1732 quibus
1235 1647 1335 1712 homo
1357 1647 1504 1713 salvatur

452 1746 506 1813 vel
527 1747 710 1813 damnatur.
757 1745 880 1813 Omnia
893 1768 972 1813 vero
994 1768 1093 1834 opera
1114 1747 1195 1813 artis
1212 1753 1247 1813 et
1268 1753 1395 1816 naturae
1417 1749 1504 1815 ordi-

405 1875 409 1881 ’
451 1853 574 1914 nentur
595 1847 639 1914 ad
663 1849 734 1916 haeo
756 1869 855 1936 opera
875 1848 1021 1928 moralia,
1045 1854 1080 1915 et
1101 1853 1180 1916 sunt
1201 1853 1335 1937 propter
1356 1871 1415 1932 ως
1444 1872 1505 1916 neo

451 1948 574 2016 habent
595 1951 775 2018 utilitatem
797 1951 862 2016 nisi
884 1951 1062 2018 seeundum
1084 1951 1173 2038 quod
1200 1951 1353 2039 operibus
1374 1972 1504 2018 morum

451 2051 662 2134 deserviunt3
685 2059 720 2120 et
742 2053 817 2119 ideo
846 2053 998 2141 praotiooe
1020 2059 1056 2120 et
1081 2054 1258 2141 operativae
1279 2053 1434 2135 scientia,
1464 2059 1504 2119 ut

452 2155 718 2241 experimentalis
739 2155 879 2221 alkimia
901 2161 936 2221 et
965 2159 1090 2237 ooetera,
1115 2155 1271 2223 dicuntur
1293 2155 1503 2244 speculativos

452 2262 601 2342 respectu
615 2255 850 2343 operationum,
866 2278 941 2343 qnae
963 2257 1099 2323 suntin
1121 2258 1239 2324 morali
1260 2280 1319 2324 seu
1340 2257 1393 2324 ἱιι8
1414 2257 1504 2324 civili
1607 2293 1609 2296 v

452 2357 596 2422 seientia
634 2357 680 2422 Et
701 2357 772 2422 hese
793 2356 930 2423 seientia
952 2363 1003 2423 est
1024 2357 1159 2424 domina
1172 2360 1317 2446 partium
1340 2357 1504 2427 omnium⁴

452 2458 676 2544 philosophia,
700 2462 734 2522 et
756 2457 864 2523 utitur
886 2458 933 2524 eis
955 2464 990 2524 et
1011 2458 1161 2546 imperat,
1184 2466 1319 2549 propter
1341 2462 1504 2527 utilitates

453 2559 626 2624 civitatum
657 2563 692 2624 et
720 2580 902 2646 regnorum.
963 2559 1051 2624 Nam
1078 2581 1136 2647 per
1165 2561 1250 2628 hano
1279 2561 1401 2628 debent
1427 2563 1503 2649 eligi

453 2659 601 2725 homines
624 2660 682 2746 qui
712 2660 867 2726 studeant
895 2660 931 2725 in
961 2661 1099 2727 diversis
1130 2661 1274 2728 scientiis
1301 2667 1337 2728 et
1367 2663 1502 2743 artibus,

453 2768 587 2850 propter
609 2763 732 2829 bonum
754 2784 940 2846 eommun03
956 2769 991 2830 et
1012 2785 1124 2830 omnes
1146 2764 1182 2830 in
1197 2764 1332 2831 civitate
1347 2770 1382 2831 et
1403 2787 1504 2852 regno

452 2866 498 2931 sio
520 2865 660 2944 ordinat,
675 2869 715 2932 nt
736 2865 847 2931 nullus
869 2871 1038 2933 remaneat
1060 2867 1190 2932 otiosus

286 2980 433 3034 naslxdi.
497 2967 542 3033 Et
573 2967 643 3036 haee
675 2968 776 3035 habet
800 2990 864 3035 sex
897 2974 1007 3056 portas
1038 2990 1192 3056 magnas:
1234 2967 1342 3054 prima
1372 2967 1504 3034 ordinat

285 3049 430 3166 {Jffi'ffi
452 3069 616 3136 hominem
640 3071 684 3137 ad
706 3070 824 3149 Deum,
847 3072 1026 3137 secundum
1049 3070 1137 3156 quod
1160 3088 1228 3136 esse
1250 3067 1377 3156 pomet⁶
1398 3070 1504 3157 philo·

285 3131 440 3248 rmophie-
452 3171 585 3258 sophiae,
609 3177 644 3238 et
669 3171 827 3238 certificat
849 3194 923 3258 quse
945 3177 1054 3259 potest
1076 3172 1117 3237 de
1140 3170 1220 3250 Dee,
1251 3176 1285 3237 et
1306 3171 1348 3237 de
1370 3171 1503 3259 angelis,

283 3247 409 3380 ¹¹⁰8&sp
452 3277 487 3337 et
509 3272 723 3354 damonibus,
748 3279 783 3339 et
808 3273 880 3339 vita
908 3274 1029 3354 futura,
1053 3279 1123 3339 tam
1149 3272 1191 3338 de
1213 3273 1318 3360 gloria
1339 3295 1439 3360 quam
1462 3274 1503 3340 do

451 3395 551 3461 poena
563 3398 572 3454 ;
602 3379 636 3440 et
657 3396 724 3440 non
747 3375 852 3441 solum
882 3375 1022 3442 devita
1051 3375 1177 3455 animae,
1200 3376 1257 3441 sed
1280 3375 1322 3442 de
1343 3372 1505 3465 eorporis⁶

452 3475 693 3543 resurrectione.
755 3477 800 3542 Et
829 3478 914 3543 mira
939 3478 1136 3564 scripserunt
1165 3477 1351 3565 philosophi
1376 3480 1413 3544 in
1442 3479 1504 3546 hac

420 3564 422 3568 ⁸
452 3583 553 3666 porte.
614 3578 702 3643 Nam
724 3580 894 3665 usquead
921 3579 1099 3647 Christum,
1112 3584 1147 3645 et
1170 3579 1309 3647 Beatam
1333 3580 1502 3668 Virginem
1544 3626 1547 3633 ,

451 3681 743 3746 oonsiderationem
766 3703 859 3746 snam
879 3681 1118 3760 exaltaverunt,
1134 3682 1220 3748 siout
1238 3684 1342 3750 scribo
1357 3683 1392 3748 in
1410 3688 1504 3771 parto

451 3784 559 3871 prima
593 3783 727 3848 Moralis
748 3783 990 3871 ·Philosophiae.
1053 3783 1099 3848 Et
1132 3785 1230 3871 hujus
1264 3784 1350 3851 ratio
1383 3807 1505 3871 magna

452 3891 510 3961 est,
534 3885 613 3971 quia
635 3885 813 3972 patriarchi
842 3891 877 3951 et
898 3885 1067 3973 prophetae
1088 3907 1156 3952 non
1179 3886 1285 3952 solnm
1307 3885 1504 3973 soripserrmt

451 3988 492 4054 de
510 3987 582 4054 Deo
604 3987 640 4053 in
662 3987 774 4054 Veteri
790 3987 1009 4070 Testamenta
1032 3988 1089 4054 sed
1111 3988 1148 4053 in
1170 3988 1284 4054 multis
1305 3987 1380 4053 aliis
1402 3986 1503 4066 libris,

489 4408 498 4440 ¹
514 4407 585 4459 Artis
596 4403 740 4472 Medicina]
759 4405 826 4456 eirea
837 4403 890 4455 init.
903 4403 953 4458 tt
1039 4403 1048 4432 ⁴
1054 4402 1163 4467 parlim
1178 4399 1294 4467 mium]
1317 4399 1428 4451 omnium
1446 4413 1504 4465 par-

455 4488 497 4540 d.
510 4493 582 4539 1⁵22.
1004 4481 1075 4541 tium,
1092 4479 1123 4533 Τ.

489 4566 553 4634 ¹er
570 4574 603 4627 ⁰⁸·
620 4565 650 4617 B·
1038 4561 1109 4610 ’ean
1116 4558 1212 4626 posset]
1231 4558 1346 4624 possibile
1362 4567 1408 4620 est,
1425 4558 1455 4610 Τ.

490 4645 667 4714 ''nJuaT-
756 4695 763 4708 ‚
1013 4638 1385 4706 '‘comidooepornmlt
