3586 5640
307 716 405 803 xxv]
676 731 763 781 orus
785 731 947 782 resnou.
1313 721 1355 785 89

305 907 429 971 durant
456 903 514 990 qui
540 903 650 969 sciunt
672 904 824 984 multum,
849 909 889 970 ut
914 903 1175 990 sapientissimus
1201 903 1299 969 homo
1323 903 1359 969 in

305 1008 417 1073 studio
448 1028 548 1073 saorae
580 1007 766 1093 Scripturas,
806 1007 863 1092 qui
891 1027 1062 1090 nunquam
1096 1005 1215 1071 habuit
1247 1027 1359 1093 parem

306 1134 327 1175 o
348 1115 495 1196 tempore
517 1113 704 1174 sanctorum
735 1108 772 1172 in
802 1108 901 1174 litera
932 1107 1132 1194 corrigenda,
1166 1113 1202 1173 et
1232 1108 1359 1195 exposi-

305 1213 397 1278 tione
419 1233 533 1277 sensus
554 1210 701 1276 literalis.
747 1210 813 1277 Sed
835 1232 896 1277 nos
916 1231 1029 1276 sumus
1051 1231 1247 1276 suooessores
1270 1232 1361 1276 sano-

306 1320 417 1380 torum
440 1318 475 1378 et
496 1313 763 1399 philosophorum
786 1318 821 1378 et
852 1312 1040 1399 sapientum
1071 1312 1293 1398 antiquorum,
1325 1317 1361 1379 et

307 1417 381 1482 ideo
404 1416 561 1481 debemus
583 1414 664 1481 seire
687 1415 728 1480 de
751 1415 873 1501 linguis
905 1413 993 1500 quod
1027 1435 1156 1480 neeesse
1190 1420 1241 1480 est
1275 1413 1361 1480 sieut

191 1546 197 1558 ·
308 1519 370 1605 ipsi
382 1543 391 1597 ;
414 1523 473 1583 aut
494 1517 544 1582 illi
566 1518 703 1583 fuerunt
725 1517 821 1583 stulti
844 1521 877 1583 et
900 1537 960 1582 nos
983 1517 1157 1602 sapientes,
1182 1516 1270 1602 quod
1292 1535 1361 1583 non

307 1626 359 1686 est
381 1620 560 1685 fatendum

354 1723 478 1788 Beatus
501 1722 727 1808 Hieronymus
754 1725 944 1807 persecutus
966 1729 1016 1786 est
1038 1720 1228 1808 linguarum
1251 1720 1463 1786 diver-sese-

308 1826 442 1890 sitatem
473 1845 532 1911 per
565 1823 714 1909 regiones
737 1822 892 1900 Orientis,
927 1828 962 1888 et
996 1822 1113 1888 dentes
1146 1844 1223 1888 suos
1253 1797 1513 1931 aptarifi‘ffiy'ss'¹

308 1926 406 2005 feeit‚¹
433 1930 472 1991 ut
494 1925 688 1991 anhelantia
709 1924 812 1990 verba
834 1923 1000 2004 formaret,
1017 1925 1188 2012 sicutipse
1210 1930 1361 1991 testatur.
1374 1931 1477 1983 thirre-

309 2028 437 2094 Deinde
459 2029 488 2093 si
509 2027 692 2093 nesciamus
714 2025 859 2113 aliquam
880 2025 1048 2091 rationum
1070 2027 1267 2113 linguarum,
1291 2005 1452 2114 qui-'⁹⁰⁰²

308 2132 370 2195 bus
391 2131 444 2195 usi
466 2133 545 2195 sunt
566 2129 672 2194 sancti
695 2128 752 2194 et'
782 2127 967 2214 philosophi
989 2133 1024 2194 et
1045 2133 1160 2215 poetse,
1184 2133 1219 2194 et
1250 2149 1363 2196 omnes

309 2233 473 2319 sapientes
495 2232 532 2296 in
553 2231 682 2317 seriptis
705 2229 780 2309 suis,
806 2230 907 2295 etiam
930 2251 990 2317 pro
1012 2235 1101 2296 oerto
1128 2230 1250 2296 erimus
1264 2231 1363 2297 vaoui

310 2357 331 2399 a
353 2333 517 2420 sapientia
538 2337 735 2410 sanctorum,
769 2336 804 2398 et
826 2331 1095 2419 philosophorum
1118 2338 1153 2398 et
1175 2333 1363 2420 sapientum

311 2435 482 2514 omnium;
504 2433 583 2520 quia
603 2455 664 2500 neo
684 2434 793 2520 legere
815 2455 876 2500 neo
902 2433 1089 2521 intelligere
1120 2435 1302 2521 poterimus
1324 2457 1364 2500 ea

310 2559 384 2623 quse
421 2541 569 2602 tractant
605 2536 731 2602 diffuse.
799 2536 845 2602 Et
881 2535 942 2602 hoo
978 2537 1080 2623 probo
1117 2558 1177 2623 per
1214 2537 1364 2624 exempla

310 2644 496 2704 sanctorum
526 2637 709 2715 manifesta
749 2643 783 2704 et
817 2638 931 2725 magni
968 2638 1086 2703 erroris
1116 2639 1205 2725 apud
1242 2639 1363 2726 vulgus

308 2741 535 2829 theologorum
566 2745 700 2827 propter
732 2741 955 2827 ignorantiam
985 2740 1196 2828 linguarum
1231 2741 1289 2806 ubi
1319 2742 1364 2806 ad

310 2843 513 2908 evidentiam
528 2863 641 2908 eorum
664 2863 738 2928 quse
762 2841 843 2920 dieo,
859 2841 954 2928 posui
976 2841 1190 2927 alphabetum
1212 2840 1364 2908 Graecum

309 2951 345 3010 et
368 2945 560 3024 Hebraeum,
585 2947 620 3008 et
641 2942 754 3029 aliqua
785 2943 934 3008 notanda
965 2941 1051 3007 eirea
1082 2941 1143 3006 hoe
1174 2963 1233 3028 pro
1265 2943 1363 3008 intel-

309 3047 397 3112 leotu
419 3045 651 3132 exemplorum
713 3044 759 3110 Et
781 3066 862 3130 puer
883 3043 907 3109 J
909 3064 1032 3110 oannes
1057 3044 1153 3109 novit
1175 3044 1292 3110 melius
1313 3045 1363 3110 in·

311 3149 459 3234 telligere
483 3147 555 3213 haee
581 3145 740 3233 exempla,
770 3146 922 3232 quamvis
950 3145 1020 3211 sint
1047 3145 1239 3232 theologica,
1264 3168 1365 3233 quam

311 3272 423 3314 omnes
453 3248 598 3336 theologi
629 3249 687 3334 qui
714 3253 793 3313 sunt
823 3248 959 3314 lectores
990 3253 1025 3314 et
1056 3248 1203 3315 doctores
1234 3249 1271 3314 in
1304 3249 1365 3316 hoe

312 3351 444 3416 mundo.
491 3350 620 3415 Poterit
635 3353 747 3415 autem
762 3354 873 3416 vestra
894 3350 1001 3438 gloria
1015 3351 1153 3438 probare
1167 3351 1364 3439 sapientiam

307 3453 442 3540 juvenis
464 3453 502 3518 in
523 3452 585 3518 hae
607 3457 710 3539 parte.
769 3453 815 3518 Et
837 3453 938 3518 affero
972 3452 1054 3519 alias
1088 3454 1233 3520 rationes
1266 3455 1365 3542 hujus

310 3557 368 3634 rei,
404 3577 545 3642 quarum
581 3554 731 3620 ordinem
768 3555 852 3620 forte
890 3576 958 3620 non
994 3556 1108 3634 reoolo,
1158 3578 1218 3621 neo
1254 3557 1365 3622 forsan

312 3679 447 3738 omnes;
472 3656 530 3722 sed
552 3657 635 3722 bene
658 3657 724 3722 seio
747 3657 836 3743 quod
858 3680 926 3722 una
948 3663 1007 3735 est,
1032 3657 1121 3745 quod
1143 3662 1217 3722 tota
1239 3659 1366 3744 sapien-

311 3761 362 3825 tia
385 3760 580 3825 Latinorum
603 3759 779 3846 theologiae
811 3764 846 3824 et
873 3758 1089 3845 philosophiae
1120 3759 1284 3825 translata
1315 3765 1367 3826 eet

312 3863 353 3928 de
375 3861 520 3949 linguis3
543 3866 579 3926 et
599 3860 671 3927 haeo
692 3882 789 3926 causa
811 3866 862 3926 est
883 3861 980 3926 valde
1003 3860 1160 3940 notanda,
1182 3861 1261 3946 quia
1284 3861 1365 3928 Hie·

312 3984 470 4050 ronymus
506 3963 581 4028 vult
619 3963 657 4027 in
701 3961 805 4029 libro⁸
844 3963 896 4028 De
924 3962 1060 4049 Optimo
1100 3963 1226 4028 Genere
1257 3963 1365 4030 Inter·

310 4065 473 4154 pretendi,
489 4064 578 4153 quod
600 4086 667 4130 non
689 4070 798 4153 potest
819 4087 887 4131 una
908 4064 1024 4152 lingua
1038 4065 1178 4153 exprimi
1193 4087 1251 4153 per
1265 4066 1365 4134 aliam

345 4382 450 4448 'aptari
470 4382 549 4449 secie]
577 4383 679 4448 sptem,
703 4383 733 4434 Τ.
768 4383 819 4437 See·
864 4384 1195 4449 Epist-adPammeehium,
1207 4385 1249 4437 De
1258 4386 1363 4453 opsono,

314 4460 350 4512 St
362 4461 487 4513 Jerome's
498 4461 575 4514 Prae
586 4461 613 4512 iu
624 4462 724 4514 Daniel.
866 4465 912 4514 &a
932 4463 958 4514 ii.
980 4468 1036 4514 381.
1055 4464 1086 4515 Β.
1106 4465 1144 4516 ed.
1163 4465 1271 4528 Emmi,
1291 4471 1363 4518 1528.

346 4538 403 4604 ἀ]
422 4554 472 4591 om
489 4539 521 4591 Τ.
865 4542 897 4592 In
923 4542 966 4594 tha
994 4543 1102 4610 original
1130 4544 1151 4596 it
1177 4547 1263 4597 sande
1284 4546 1363 4598 thus:

347 4616 441 4686 Ἐὰν]
477 4617 566 4671 ultim
595 4620 668 4683 libro,
689 4620 721 4672 Τ.
768 4620 815 4672 See
872 4620 971 4676 Videbis
980 4621 1085 4676 ordinm
1096 4622 1232 4686 νίἀίοιιὶιοη,
1243 4626 1290 4676 &a
