3586 5640
456 773 520 836 318
839 787 968 837 rocam
991 786 1138 838 nicoma

284 962 363 1040 what
374 977 432 1026 aar·
453 981 579 1045 cunque
594 966 679 1026 esset
693 960 859 1042 eruditus;
883 961 971 1027 inter
993 983 1067 1046 quae
1082 961 1189 1047 figura
1211 961 1252 1026 de
1270 960 1515 1048 compositione

283 1030 410 1161 {2¹¹2}ss
452 1063 565 1128 circuli
591 1064 645 1128 vel
679 1063 773 1141 oculi,
812 1068 847 1127 et
884 1063 995 1128 decem
1024 1063 1153 1128 ultimae
1191 1063 1414 1149 figurationes.
1461 1063 1515 1131 Et

285 1159 375 1277 ⁶¹3³st
385 1163 428 1213 ‘¹¹⁰
452 1167 601 1250 quaedam
624 1166 698 1231 alica
722 1166 762 1230 de
785 1165 1027 1230 reflectionibus
1061 1166 1224 1252 praecipue
1251 1171 1329 1231 sunt
1361 1167 1514 1233 conside·

284 1242 571 1345 lffiesslmn'randae.
618 1267 705 1332 Nam
728 1268 854 1332 homini
877 1268 1037 1332 instructo
1069 1268 1105 1330 in
1139 1267 1190 1333 his
1222 1272 1272 1332 est
1294 1268 1512 1354 pulchritudo

282 1361 406 1490 ἓξὲξ·
450 1376 485 1435 et
507 1369 669 1455 sapientia
701 1369 840 1444 infinita,
874 1369 959 1434 sicut
992 1373 1156 1434 tractatus
1188 1370 1331 1456 exponit.
1378 1369 1448 1435 Sed
1470 1370 1510 1435 in

449 1472 681 1537 mathematica
712 1477 791 1535 sunt
813 1471 926 1549 multa,
950 1472 1039 1537 unde
1062 1472 1213 1557 quaedam
1236 1476 1370 1558 propter
1392 1472 1511 1538 omnia

448 1573 577 1638 scienda
608 1578 843 1658 proponuntur,
885 1579 920 1638 et
951 1578 1001 1638 est
1023 1573 1127 1638 facilis
1159 1573 1347 1638 intellectus
1369 1572 1429 1638 ubi
1452 1578 1510 1640 est

448 1677 593 1740 maxima
615 1675 742 1740 utilitas
765 1675 979 1761 philosophiae
1003 1676 1177 1762 theologiae
1205 1681 1240 1740 et
1262 1674 1403 1740 ecclesiae
1419 1674 1509 1756 Dei3

448 1777 532 1841 sicut
554 1779 700 1863 superius
723 1781 849 1842 tactum
872 1777 1220 1856 est‚etabundantius
1242 1777 1390 1863 inopere
1413 1777 1509 1861 quod

447 1878 548 1944 mitto
571 1880 762 1966 explicatur.
809 1879 855 1943 Et
877 1878 952 1944 ideo
983 1884 1035 1943 ter
1065 1878 1148 1944 facio
1182 1883 1363 1944 tractatum
1385 1877 1428 1942 de
1450 1878 1507 1945 his

447 1980 548 2060 locis3
570 2003 649 2046 nam
672 1982 778 2067 primo
800 1980 965 2066 investigo
988 1981 1248 2066 comparationes
1270 1979 1507 2066 principalium

447 2083 590 2149 locorum
621 2085 657 2148 in
688 2089 782 2170 parte
813 2082 1023 2170 geometriae3
1055 2082 1173 2147 deinde
1216 2103 1302 2168 pono
1335 2103 1508 2167 compara·

447 2185 572 2251 tionem
609 2185 849 2251 mathematicae
887 2187 930 2250 ed
959 2184 1167 2271 theologiam.
1225 2183 1337 2270 'lango
1374 2188 1506 2269 septem

447 2288 570 2352 radices
593 2311 728 2374 magnas
761 2288 938 2372 inquibus
969 2287 1203 2352 mathematica
1236 2285 1417 2350 necessaria
1451 2290 1507 2351 eet

447 2390 628 2475 theologiae,
654 2396 688 2455 et
711 2411 777 2453 una
799 2395 848 2453 est
880 2391 921 2453 de
952 2389 1031 2455 locis
1054 2389 1192 2467 mundi;
1225 2388 1325 2452 tertio
1351 2387 1505 2473 speciali-

447 2495 498 2554 ter
529 2497 580 2556 est
602 2492 747 2556 scientiae
774 2491 1023 2558 mathematice
1080 2491 1220 2577 Expono
1251 2490 1323 2555 loca
1353 2491 1390 2554 in
1414 2495 1505 2556 trac·

447 2597 521 2657 tatu
543 2596 577 2657 et
599 2592 714 2678 figura.
762 2592 888 2657 Et-hoc
911 2592 1093 2679 dupliciter,
1121 2593 1243 2657 scilicet
1272 2593 1502 2671 astronomiae,

447 2699 482 2759 et
512 2694 715 2759 naturaliter.
771 2694 817 2758 Et
839 2695 910 2760 haec
932 2695 1088 2781 figuratio
1112 2700 1162 2760 est
1183 2694 1290 2760 facilis
1312 2695 1355 2759 ad
1376 2693 1502 2760 facien-

446 2796 525 2861 dum
547 2801 722 2883 postquam
744 2795 833 2862 facta
855 2801 913 2875 est,
938 2797 995 2862 sed
1028 2796 1221 2862 difficillima
1251 2797 1295 2862 ad
1317 2795 1503 2863 certifican-

445 2899 523 2965 dum
556 2905 592 2965 'et
624 2899 868 2965 inveniendum.
916 2899 1005 2964 Nam
1037 2899 1184 2964 infinitas
1216 2900 1431 2965 auctoritates
1466 2906 1503 2966 et

444 3003 719 3068 considerationes
742 2989 871 3089 oportet
886 3001 939 3066 hic
954 3002 1082 3081 videri;
1099 3007 1133 3066 et
1155 3003 1360 3087 operationes
1383 3024 1500 3069 nume-

444 3128 554 3170 rorum
578 3112 612 3171 et
634 3107 814 3192 figurarum
831 3110 909 3168 sunt
932 3126 1070 3170 summae
1098 3104 1302 3170 difficultatis
1324 3105 1368 3168 ad
1389 3104 1502 3190 inqui-

442 3208 599 3287 rendum;
623 3209 710 3271 unde
726 3229 852 3271 menses
867 3207 988 3292 integri
1012 3207 1064 3270 hic
1087 3208 1298 3294 requiruntur
1320 3206 1500 3271 delectioni

443 3310 599 3386 materiae,
616 3311 693 3392 quia
715 3314 849 3394 propter
863 3309 1044 3373 utilitatem
1060 3309 1225 3374 infinitam
1241 3308 1500 3394 pulcherrimum

443 3417 493 3478 aa
518 3408 679 3498 [habere]
714 3433 772 3496 pro
796 3410 949 3474 manibus
983 3415 1092 3474 totum
1122 3411 1283 3475 mundum
1317 3411 1438 3475 hebere
1461 3412 1499 3477 in

443 3518 607 3598 promptu,
646 3534 724 3575 nam
762 3513 964 3577 exercitatus
995 3512 1032 3575 in
1065 3513 1117 3576 his
1151 3512 1212 3577 scit
1250 3511 1345 3576 corde
1384 3533 1500 3578 omnes

442 3616 619 3680 varietates
641 3615 794 3695 locorum,
824 3620 858 3678 ot
889 3613 1069 3693 hominum,
1102 3619 1136 3678 et
1166 3618 1356 3688 caeterarum
1386 3635 1498 3679 rerum

442 3719 478 3782 in
513 3723 585 3783 tcta
619 3716 803 3795 habitabili,
849 3722 883 3780 et
920 3720 1029 3801 potest
1078 3737 1117 3780 ea
1161 3715 1337 3801 depingere
1374 3714 1498 3799 quibus

442 3843 517 3885 cum
550 3821 632 3885 vult.
693 3818 781 3884 Nam
814 3818 891 3882 licet
924 3821 1058 3881 tantum
1086 3817 1204 3882 fuerim
1235 3817 1272 3879 in
1304 3816 1428 3902 Anglia
1461 3822 1497 3883 et

442 3922 589 4002 Francia,
606 3928 718 3987 tamen
740 3922 789 3986 ita
811 3921 893 3985 bene
917 3919 1130 3984 describerem
1153 3923 1263 4004 partes
1286 3923 1320 3982 et
1342 3918 1496 3984 civitatee

440 4026 611 4110 regionum
638 4025 728 4090 ultra
749 4045 838 4087 mare
872 4027 906 4085 et
937 4020 1019 4084 alibi
1050 4008 1109 4106 pe'r
1139 4021 1308 4098 mundum,
1341 4020 1426 4085 sicut
1458 4021 1496 4085 in

441 4127 581 4192 Francia
602 4132 636 4191 et
659 4127 790 4212 Anglia,
826 4124 972 4210 exceptis
994 4122 1061 4186 illis
1084 4123 1277 4188 civitatibus
1300 4127 1334 4187 et
1356 4123 1435 4187 locis
1458 4122 1496 4186 in

439 4230 558 4312 quibus
592 4234 738 4292 moratus
768 4250 850 4292 sum.
909 4227 998 4290 Nam
1021 4225 1106 4289 sicut
1128 4225 1194 4289 scio
1217 4224 1383 4311 distinguo
1406 4223 1494 4288 Nor-

439 4330 616 4406 manniam,
653 4335 687 4394 et
715 4328 923 4393 Britanniam
958 4329 1129 4403 Minorem,
1162 4333 1197 4391 et
1232 4327 1422 4403 Pictaviam,
1459 4331 1494 4391 et

439 4432 641 4507 vasconiam,
659 4436 692 4494 et
714 4431 941 4517 Aquitaniam,
965 4436 999 4495 et
1022 4429 1197 4495 Tholosam
1221 4429 1432 4515 provinciam,
1459 4434 1494 4494 et
1571 4489 1574 4493 .

439 4533 675 4620 Burgimdiam,
707 4538 741 4598 ot
773 4539 892 4600 caetera
914 4533 985 4598 loca
1007 4533 1043 4596 in
1075 4531 1194 4617 quibus
1217 4553 1285 4596 non
1306 4531 1363 4610 fui,
1399 4530 1491 4595 simi·

436 4636 514 4703 liter
544 4635 756 4722 AEthiopiam,
790 4637 930 4717 Indiam,
963 4641 998 4702 et
1020 4634 1177 4714 Africam,
1209 4639 1244 4701 et
1275 4633 1420 4719 Syriam,
1454 4636 1490 4699 et
