3294 5744
389 769 454 833 160
761 781 890 832 nouum
913 781 1059 831 namma
1345 770 1435 857 [can.

386 953 452 1020 Sed
474 956 592 1042 incipit
612 956 783 1041 generatio
804 978 824 1019 a
846 956 1032 1019 sulstantia
1054 977 1207 1041 corperea
1221 977 1289 1019 non
1304 957 1436 1036 coelesti,

384 1082 458 1145 crure
480 1068 531 1125 est
550 1063 733 1125 communis
752 1061 925 1140 elemento,
940 1069 973 1125 et
990 1062 1105 1137 mixto,
1121 1068 1155 1125 et
1170 1062 1324 1125 omnibus
1338 1084 1437 1149 gene·

383 1162 564 1243 rabilibus3
588 1170 623 1228 et
645 1164 729 1227 hauc
750 1165 905 1250 supponit
929 1185 988 1249 pro
1010 1163 1129 1241 radice,
1153 1185 1212 1227 nec
1233 1171 1344 1249 potest
1367 1165 1437 1230 lraec

384 1265 520 1350 produci
552 1288 612 1352 per
642 1272 804 1341 naturam,
826 1266 884 1329 sed
914 1266 980 1328 fuit
1011 1272 1120 1329 creata
1150 1286 1171 1328 a
1193 1265 1369 1352 principio¹
1400 1268 1437 1330 in

384 1366 519 1452 sphaeris
541 1367 786 1432 elementorum,

221 1481 271 1533 un
283 1496 375 1559 corpo-
429 1468 495 1534 Sed
524 1471 612 1533 siin
633 1470 847 1555 generatione
877 1470 924 1533 sic
946 1469 1123 1554 subjicitur
1152 1471 1293 1534 materia
1324 1492 1437 1556 corpo·

219 1550 353 1679 {2¹3ng
383 1571 470 1645 ralis,
493 1573 646 1636 similiter
674 1573 738 1636 erit
760 1572 795 1634 in
818 1572 1035 1657 corruptione.
1082 1570 1179 1650 Quod
1209 1577 1261 1636 est
1290 1573 1435 1658 primunr

216 1683 360 1761 «ligeum
385 1674 419 1737 in
448 1676 658 1759 generatione
688 1681 739 1739 cst
769 1674 923 1739 ultimum
959 1675 994 1737 in
1029 1674 1249 1760 corruptione,
1272 1680 1309 1738 et
1338 1696 1439 1759 super

218 1752 521 1870 ?J¹,}{2f⁵¹¹¹¹¹‘eanden1
559 1778 731 1841 materiam
762 1776 935 1853 seruatum
980 1781 1181 1862 quapropter
1224 1797 1292 1840 non
1326 1783 1437 1861 potest

384 1879 578 1943 alimentum
609 1878 680 1942 lieri
707 1879 942 1964 incorporeum,
965 1899 1026 1941 nec
1063 1878 1099 1940 in
1122 1878 1271 1953 instanti,
1302 1899 1363 1942 nec
1399 1878 1436 1942 in

384 1988 538 2067 tempore
585 1981 631 2044 Et
646 1981 719 2045 ideo
741 2002 869 2066 semper
890 1981 954 2044 erit
974 1979 1108 2064 corpus⁹
1124 1980 1203 2043 dum
1225 1979 1388 2044 alteratur
1402 1987 1437 2044 et

384 2083 555 2168 digeritur,
579 2089 614 2148 et
637 2084 717 2147 dum
740 2082 855 2147 unitur
880 2088 916 2146 et
938 2082 1154 2146 convertitur.
1200 2082 1247 2146 Et
1275 2083 1350 2146 ideo
1380 2104 1437 2146 ex-

384 2185 489 2271 pirnt³
512 2186 582 2251 haee
603 2187 732 2272 positi0,
756 2208 830 2271 quie
850 2185 955 2267 magis
977 2183 1170 2248 favorabilis
1200 2190 1259 2261 cst,
1283 2190 1318 2249 et
1348 2184 1437 2269 quod

384 2288 570 2372 exemplum
594 2288 694 2352 habet
720 2287 922 2351 familiarius
970 2286 1059 2350 Nam
1082 2286 1199 2351 dieunt
1221 2287 1309 2372 quod
1333 2309 1437 2373 vapor

384 2389 562 2454 resolvitur
592 2413 612 2452 a
643 2389 746 2453 fundo
780 2411 883 2473 aquae,
915 2395 950 2453 et
986 2410 1055 2452 non
1087 2388 1187 2454 habet
1218 2389 1437 2454 dimensiones

385 2492 566 2577 corporales
589 2492 737 2576 proprias
759 2513 779 2555 a
809 2491 1090 2555 dimensionibus⁴
1115 2491 1220 2555 totius
1249 2513 1352 2577 aqnae,
1377 2493 1438 2554 sci·

386 2594 463 2658 licet
487 2593 566 2657 dum
595 2599 647 2657 est
671 2592 757 2656 infra
782 2615 923 2678 aquarn;
948 2593 1006 2657 sed
1032 2593 1147 2658 statim
1173 2616 1248 2659 cum
1274 2595 1315 2659 fit
1341 2601 1437 2659 extra

387 2695 487 2761 habet
520 2696 739 2761 dimensiones
772 2695 926 2782 proprias
975 2695 1020 2760 Et
1054 2695 1169 2760 dieunt
1200 2696 1253 2760 hie
1286 2698 1336 2762 ita
1368 2719 1437 2761 csse

387 2820 446 2884 per
476 2799 673 2863 contrarium
708 2803 869 2884 qnantum
901 2798 944 2862 ad
975 2798 1143 2877 orrliuem3
1175 2799 1254 2883 quia
1283 2799 1319 2862 in
1346 2799 1438 2885 prin-

386 2900 472 2986 cipio
505 2901 700 2966 nutritionis
730 2905 766 2965 et
795 2899 927 2965 unionis
956 2899 1094 2964 advenit
1121 2921 1245 2986 eorpus,
1275 2899 1332 2966 sed
1361 2922 1434 2966 eum

387 3003 491 3068 intrat
521 3004 649 3069 anrittit
671 3002 819 3088 proprias
848 3001 1075 3078 dimensiones,
1104 3007 1139 3066 et
1160 3003 1201 3067 fit
1221 3025 1289 3067 non
1310 3024 1436 3089 corpus,

387 3115 426 3171 ut
450 3112 642 3172 remaneant
667 3106 887 3170 dimensiones
910 3103 1033 3190 partis⁵
1058 3106 1252 3171 nutriendae.
1300 3106 1365 3171 Sed
1396 3109 1437 3172 de

387 3231 508 3294 vapore
545 3208 663 3272 firlsum
688 3213 759 3286 cst3
791 3230 868 3271 nam
893 3207 995 3271 habet
1018 3229 1094 3271 suas
1118 3207 1335 3274 dimensiones
1364 3232 1437 3295 pro-

387 3312 475 3396 prias
496 3311 584 3374 infra
606 3332 733 3394 aquam,
762 3317 796 3374 et
818 3309 942 3373 dividit
964 3315 1074 3395 partes
1096 3332 1190 3395 aquae
1217 3311 1260 3375 ab
1285 3312 1436 3390 invicem,

387 3420 422 3476 et
455 3412 624 3490 ascendit3
654 3412 807 3497 quoniam
842 3412 940 3476 aliter
973 3434 1040 3476 non
1069 3412 1164 3477 fieret
1193 3415 1303 3477 fluxus
1328 3415 1435 3480 maris.

389 3514 533 3599 Vapores
567 3514 655 3578 enirn
690 3514 825 3578 resoluti
857 3536 915 3600 per
944 3514 1105 3578 virtutem
1142 3515 1229 3580 lunae
1267 3516 1437 3601 expellunt

387 3638 488 3701 aquas
515 3616 614 3680 maris
644 3637 665 3679 a
691 3615 860 3680 canalibus
889 3615 966 3694 suis
990 3621 1024 3680 et
1049 3639 1070 3680 a
1094 3615 1181 3695 locis,
1205 3622 1240 3680 et
1261 3617 1335 3682 ideo
1362 3618 1438 3683 fluit

387 3740 499 3798 mare3
532 3716 650 3804 quibus
680 3717 831 3782 resolutis
855 3717 896 3781 ad
924 3717 1058 3803 plenum
1086 3722 1121 3782 et
1147 3721 1357 3804 consumptis,
1387 3742 1437 3784 rc-

387 3825 565 3886 vertuntur
587 3841 681 3904 nquae
703 3818 802 3882 maris
824 3819 867 3882 ad
899 3819 969 3883 locu
999 3840 1060 3883 sua
1090 3840 1147 3904 per
1176 3819 1346 3886 refluxum.
1393 3822 1438 3887 Et

388 3924 448 3988 hoc
471 3921 621 3987 videmus
643 3923 678 3984 in
702 3920 774 3984 ollis
797 3919 1014 3985 bullientibus
1026 3945 1034 3999 ;
1056 3943 1133 3984 nam
1156 3942 1291 4006 vapores
1313 3930 1438 3989 exeunt

387 4025 427 4090 tle
459 4025 574 4091 fundo·
593 4024 689 4100 vasis,
713 4028 748 4087 et
770 4022 927 4087 dividunt
954 4027 1065 4108 portes
1095 4022 1241 4088 humoris
1270 4027 1436 4110 coquendi,

386 4133 421 4193 et
443 4128 521 4195 exit.
569 4127 736 4194 Caeterum
759 4146 826 4191 non
848 4130 959 4212 potest
982 4126 1047 4193 diei
1070 4125 1151 4211 quin
1177 4148 1279 4212 vapor
1300 4129 1344 4194 sit
1368 4151 1436 4195 cor-

420 4512 455 4561 ¹a
465 4511 601 4578 principio]
621 4512 647 4561 in
665 4512 793 4577 principio,
811 4514 842 4565 Τ.
854 4515 883 4566 L
968 4517 1005 4565 4α
1023 4514 1209 4565 dimensionibus
1229 4551 1236 4566 .
1253 4552 1260 4568 .
1277 4552 1284 4568 .
1304 4517 1434 4584 proprior]

418 4589 540 4656 ²corpur]
558 4590 692 4654 corruptio,
710 4591 739 4640 L
935 4610 984 4645 om.
996 4595 1028 4645 T.

418 4667 548 4734 ἐφέται]
566 4669 696 4734 experlrnt,
708 4668 739 4720 T.
969 4675 978 4702 ⁵
990 4675 1086 4742 partis]
1104 4674 1215 4741 corporis
1226 4675 1310 4741 partia,
1327 4675 1357 4728 T.
