3586 5640
460 755 502 819 36
839 766 967 818 nocem
991 768 1138 819 moorus
1417 751 1509 842 [oin

458 967 536 1010 nam
566 945 644 1011 licet
674 945 865 1011 certificatio
895 946 1085 1012 tabularum
1115 946 1160 1012 sit
1189 967 1248 1033 per
1277 948 1507 1031 instrumenta,

457 1053 570 1113 tamen
584 1047 815 1125 instrumenta,
831 1048 897 1112 nisi
919 1047 989 1114 sint
1010 1048 1179 1115 immensae
1194 1049 1401 1135 quantitatis,
1425 1051 1510 1116 nibil

457 1150 591 1230 valent3
615 1154 649 1215 et
663 1148 733 1216 hseo
748 1149 828 1215 muli
842 1171 921 1215 usus
943 1154 1032 1231 sunt,
1049 1155 1084 1217 et
1099 1148 1240 1217 difficilis
1250 1153 1509 1218 conservationis

456 1257 590 1339 propter
603 1251 787 1339 rubiginem
801 1276 809 1332 ;
831 1273 891 1317 nec
905 1255 1045 1338 possunt
1058 1250 1184 1337 portari
1199 1252 1240 1319 do
1254 1252 1323 1319 loco
1338 1253 1382 1319 ad
1399 1251 1508 1320 locum

456 1353 527 1419 sinc
555 1353 699 1440 periculo
729 1353 917 1434 fractionis3
956 1356 991 1418 et
1024 1353 1123 1418 homo
1152 1374 1221 1418 non
1250 1357 1360 1442 potest
1387 1356 1508 1422 habere

456 1456 580 1542 ubique
606 1459 641 1521 et
666 1476 793 1542 semper
815 1475 902 1519 nova
926 1453 1142 1532 incramenta,
1167 1475 1242 1520 cum
1276 1460 1391 1523 tamen
1415 1478 1509 1544 opor·

456 1562 528 1623 test
541 1558 611 1634 hoc,
624 1555 690 1621 nisi
704 1555 826 1622 habeat
849 1554 979 1622 tabulas
994 1555 1094 1622 semel
1108 1556 1316 1624 certificatos
1363 1558 1429 1626 Sed
1456 1561 1507 1627 hae

456 1659 580 1725 tabulse
603 1663 764 1725 vocantur
785 1656 983 1724 Atnaaaet
1012 1657 1066 1723 vel
1094 1656 1306 1745 Tulliyaoan,
1331 1660 1508 1748 inquibus

456 1761 557 1828 semel
570 1764 650 1826 sunt
665 1782 777 1826 omnes
799 1766 910 1827 motus
931 1760 1088 1827 coelorum
1102 1761 1277 1827 certificati
1304 1783 1325 1827 a
1346 1762 1508 1851 principio

456 1862 573 1929 mundi
596 1884 700 1949 usque
722 1862 759 1928 in
780 1862 890 1941 finem,
907 1861 979 1928 sine
1002 1861 1196 1950 quotidiano
1211 1861 1331 1942 labore,
1348 1868 1387 1930 ut
1409 1865 1508 1931 homo

455 1965 559 2052 possit
572 1965 731 2054 inspicere
745 1965 857 2031 omnia
871 1986 947 2051 quae
964 1964 1001 2031 in
1023 1963 1107 2031 ooelo
1128 1967 1207 2030 sunt
1228 1964 1319 2031 omni
1342 1964 1405 2047 die,
1420 1965 1507 2032 sicut

455 2089 516 2133 nos
542 2069 578 2134 in
601 2067 787 2134 calendario
809 2064 1014 2154 inspicimus¹
1041 2065 1152 2133 omnia
1183 2066 1267 2132 fests
1297 2073 1507 2149 sanctorum

456 2176 491 2234 et
514 2176 594 2235 tunc
617 2169 707 2234 omni
738 2169 792 2234 die
815 2190 983 2255 possemus
1009 2168 1214 2235 considerare
1235 2168 1272 2235 in
1294 2169 1374 2236 ooelo
1395 2190 1508 2236 causas

455 2271 612 2350 omnium,
628 2291 703 2355 quae
725 2271 762 2333 in
784 2275 873 2334 terra
896 2275 1109 2350 renovantur,
1125 2275 1160 2337 et
1183 2271 1386 2338 consimilem
1400 2272 1508 2361 dispo·

455 2372 608 2436 sitioncm
638 2370 710 2436 coeli
740 2391 885 2454 quaerere
914 2371 950 2434 in
980 2372 1158 2456 praeterito,
1190 2378 1226 2440 et
1254 2374 1405 2441 invenire
1434 2396 1511 2441 oon·

454 2471 578 2535 similes
592 2469 733 2535 effeetus.
780 2470 825 2535 Et
855 2469 1008 2536 similiter
1033 2471 1074 2537 de
1104 2472 1225 2538 futuro.
1258 2474 1304 2541 Et
1326 2476 1374 2542 sic
1397 2477 1510 2542 omnia

454 2576 732 2658 cognoscerentur.
768 2571 813 2638 Et
827 2571 880 2638 hae
895 2571 1020 2638 tabulae
1035 2571 1186 2639 valerent
1203 2574 1395 2641 thesaurum
1410 2579 1509 2643 unius

454 2674 560 2761 regis3
584 2678 619 2739 et
648 2672 722 2738 ideo
752 2695 821 2738 non
850 2673 969 2738 fierent
999 2672 1070 2738 sine
1096 2674 1227 2761 magnis
1256 2676 1415 2761 expensio
1462 2678 1507 2742 Et

455 2799 541 2864 saepe
567 2797 737 2866 aggressus
759 2796 832 2842 sum
855 2774 1126 2862 compositionem
1148 2775 1286 2840 istarum
1309 2774 1506 2858 tabularum,

454 2879 512 2945 sed
541 2901 609 2945 non
643 2877 738 2966 potui
767 2898 990 2945 consummare
1020 2881 1155 2964 propter
1191 2874 1355 2959 defectum
1385 2897 1506 2962 expen-

455 3004 575 3062 sarum,
602 2987 637 3047 et
662 2980 843 3047 stultitiam
866 3001 979 3047 eorum
1002 3001 1077 3047 cum
1107 2978 1228 3065 quibus
1260 2976 1363 3042 habui
1392 2976 1504 3042 facere.

455 3083 544 3149 Nam
574 3082 680 3170 primo
710 3088 840 3170 oportet
869 3082 974 3148 faeere
1003 3080 1124 3147 instrui
1154 3099 1272 3166 pueros
1309 3077 1421 3144 decem
1451 3078 1505 3144 vel

454 3185 625 3251 duodecim
647 3185 684 3249 in
705 3184 885 3251 canonibus
907 3190 942 3250 et
963 3182 1086 3249 tabulis
1109 3180 1320 3247 astronomiae
1339 3180 1505 3267 vulgatis3

454 3293 489 3352 et
508 3286 640 3372 quando
662 3287 745 3352 bene
769 3287 889 3352 scirent
913 3285 1049 3372 operari,
1071 3288 1152 3349 tuno
1173 3303 1357 3370 perunum
1382 3304 1506 3348 annum

455 3384 629 3453 deberent¹
665 3387 813 3453 invenire
843 3392 952 3452 motus
985 3385 1190 3473 singulorum
1223 3384 1433 3472 planctsmm
1462 3385 1506 3450 ad

454 3511 584 3554 omnem
606 3488 693 3554 diem
717 3493 751 3554 et
781 3488 905 3568 horam,
928 3486 1106 3554 secundnm
1137 3484 1286 3553 omnem⁸
1311 3488 1505 3553 varietatem

454 3596 604 3656 motuum
627 3611 749 3668 eorum,
766 3595 801 3655 et
823 3595 943 3656 coetera
965 3610 1040 3675 quse
1062 3589 1098 3654 in
1121 3588 1210 3655 coelis
1231 3595 1447 3655 renovantur.

287 3699 430 3769 oenum.
499 3692 628 3758 Deinde
651 3697 730 3757 sunt
753 3691 819 3756 alia
840 3691 1062 3757 instrumente
1083 3696 1118 3757 et
1144 3691 1268 3758 tabulae
1299 3691 1506 3779 geometricos

282 3769 440 3900 {uma}
453 3795 613 3881 praetioso,
638 3799 672 3859 et
694 3793 911 3860 arithmeticae
932 3792 1092 3880 practicen,
1116 3798 1150 3858 et
1172 3792 1313 3872 mnsicae,
1331 3813 1405 3878 quae
1428 3797 1508 3856 sunt

452 3896 610 3962 utilitatis
632 3917 772 3983 magnae,
796 3901 831 3962 et
852 3895 1033 3963 necessario
1048 3895 1271 3982 requiruntur.
1320 3892 1387 3962 Sed
1410 3893 1506 3979 longe

452 3999 557 4117 magis
586 4019 687 4086 quam
711 3998 782 4064 haec
811 4002 978 4085 oporteret
1007 3997 1156 4062 homines
1181 3994 1307 4076 heberi,
1331 3994 1389 4081 qui
1412 3995 1504 4074 bene,

451 4102 551 4166 immo
574 4099 697 4187 optime
720 4099 841 4166 scirem
855 4098 1094 4187 perspectivam
1118 4103 1153 4163 et
1175 4096 1397 4163 instrumenta
1424 4095 1503 4181 ejus.

451 4203 539 4268 Nam
569 4199 657 4268 haec⁴
686 4201 823 4267 scientia
844 4206 895 4268 est
931 4200 973 4268 de
1002 4200 1077 4266 visu
1111 4195 1215 4278 voro,⁶
1244 4202 1279 4264 et
1309 4219 1368 4284 per
1397 4197 1505 4262 visum

481 4499 488 4530 ¹
502 4499 655 4566 inspicimur]
674 4500 817 4566 aspicimus,
829 4501 860 4553 T.
1034 4502 1043 4531 ‘
1055 4499 1123 4552 Nom
1134 4497 1198 4566 tec]
1218 4499 1280 4551 nuc
1293 4499 1369 4562 enim,
1381 4497 1413 4549 T.

480 4579 490 4609 ²
501 4578 623 4645 dederent]
642 4580 742 4641 debent,
753 4579 784 4632 B.
798 4580 830 4632 U.

478 4658 601 4724 ὀιιιηωι]
620 4671 669 4709 om
687 4659 718 4711 T.
1032 4661 1042 4692 ⁸
1054 4655 1122 4726 uero]
1141 4672 1235 4723 rernm,
1253 4658 1283 4711 n
1295 4652 1328 4710 U.
1347 4657 1376 4709 L.
