3586 5640
308 754 423 844 axia]
515 834 521 849 ¹
692 773 779 824 orus
802 772 961 824 manum
1294 758 1358 823 281

305 947 377 1014 haec
407 952 487 1013 sunt
518 945 690 1014 horribilia
721 970 765 1014 ex
793 971 837 1028 se,
859 953 940 1015 sunt
961 947 1066 1036 magis
1089 949 1194 1014 stulta
1216 953 1250 1015 et
1273 949 1360 1016 deri·

304 1049 396 1115 sione
418 1049 529 1137 digna,
552 1051 631 1136 quia
652 1055 786 1139 propter
807 1050 1032 1139 ignorantiam
1054 1056 1090 1118 et
1119 1051 1357 1139 negligentiam

305 1151 456 1217 diabolus
486 1153 679 1240 procuravit
715 1152 805 1239 quod
833 1153 881 1219 sic
913 1153 1074 1221 accideret
1108 1153 1173 1219 Dei
1206 1153 1357 1221 ecclesiae.

306 1255 396 1320 Nam
433 1277 501 1321 non
538 1259 705 1342 oporteret
736 1254 838 1336 aliud,
883 1255 949 1322 nisi
986 1255 1076 1344 quod
1123 1256 1361 1323 certificaretur

304 1358 386 1424 anni
427 1357 599 1443 quantitas
630 1363 666 1424 et
697 1358 941 1444 aequinoctium.
1007 1359 1054 1424 Et
1086 1357 1116 1425 si
1148 1359 1359 1446 peritissimis

306 1460 505 1526 astronomis
559 1481 628 1525 non
676 1460 860 1548 denegatur
911 1460 1104 1528 certificatio
1158 1461 1361 1549 quantitatis

306 1563 396 1640 anni,
422 1568 537 1627 tamen
558 1561 686 1628 facilius
712 1567 763 1628 est
784 1561 964 1630 certificare
994 1563 1252 1650 aequinoctium3
1283 1563 1362 1650 quia

307 1688 366 1751 per
387 1672 521 1730 centum
543 1669 579 1730 et
600 1664 729 1731 circiter
750 1665 876 1753 viginti
898 1686 1003 1732 annos
1026 1689 1094 1733 non
1116 1672 1268 1732 mutatur
1297 1666 1362 1731 nisi

309 1790 367 1854 per
389 1768 495 1834 unuin
517 1768 615 1848 diem,
638 1768 820 1834 secundum
842 1767 1031 1855 opinionem
1053 1769 1158 1857 magis
1187 1769 1362 1856 probatam

309 1892 397 1935 nunc
419 1871 544 1938 diebus
590 1870 637 1936 Et
659 1871 797 1936 daretur
818 1892 872 1936 ars
894 1870 936 1936 de
958 1870 1042 1951 hoc;
1076 1877 1111 1937 et
1138 1871 1240 1937 etiam
1271 1871 1363 1936 inve-

309 1973 437 2038 niretur
458 1973 695 2060 aequinoctium
717 1995 778 2060 per
798 1972 919 2039 saecula
940 1972 1062 2050 futura,
1078 1995 1182 2061 usque
1204 1974 1240 2038 in
1262 1973 1363 2039 tinem

307 2075 424 2140 mundi
445 2082 480 2141 et
502 2076 600 2152 ultra,
624 2074 714 2162 quod
735 2075 830 2140 facile
853 2080 926 2155 est;
958 2080 993 2141 et
1022 2077 1143 2143 fierent
1172 2076 1297 2142 tabulas
1328 2079 1364 2141 et

308 2199 448 2242 canones
480 2176 521 2242 de
552 2177 622 2258 hoc,
646 2183 681 2243 et
710 2177 931 2244 scriberentur
962 2199 1021 2264 per
1051 2183 1158 2244 totam
1193 2177 1363 2243 ecclesiam

311 2279 384 2359 Dei,
409 2285 443 2344 et
465 2285 666 2366 ponerentur
687 2301 761 2345 cum
783 2280 985 2358 kalendario,
1010 2284 1045 2346 et
1075 2286 1155 2347 tunc
1180 2302 1249 2346 non
1279 2280 1361 2346 soci-

310 2382 403 2447 deret
424 2381 700 2468 impedimentum
722 2383 758 2448 in
780 2383 841 2448 hac
863 2387 967 2469 parte.
1014 2382 1063 2447 Et
1088 2383 1242 2448 similiter
1269 2382 1361 2448 aliud

311 2483 547 2570 aequinoctium
569 2484 714 2551 inveniri
736 2486 848 2572 possit,
880 2490 916 2551 et
940 2484 1084 2551 solstitia
1113 2485 1155 2550 de
1185 2485 1297 2564 facili;
1327 2490 1363 2551 et

307 2585 415 2651 omnis
437 2607 527 2651 error
548 2586 585 2651 in
606 2586 657 2652 his
680 2588 722 2653 de
744 2586 833 2653 facili
855 2592 1080 2668 evacuaretur,
1105 2587 1149 2652 ad
1170 2586 1302 2652 laudem
1325 2592 1360 2652 et

309 2689 465 2755 honorem
488 2687 562 2769 Dei,
585 2689 816 2755 attolleretur
837 2689 975 2755 infamia
1000 2694 1036 2755 et
1065 2689 1265 2769 scandalum,
1289 2712 1363 2775 quse

310 2789 412 2858 nunc¹
437 2790 703 2878 multiplicantur
724 2792 813 2879 apud
834 2815 946 2858 omnes
969 2792 1193 2880 computistas,
1208 2798 1243 2858 et
1260 2797 1364 2858 astro-

311 2915 434 2974 nomos,
457 2898 492 2960 et
514 2892 686 2981 sapientes,
712 2899 849 2982 propter
878 2915 1012 2972 errores,
1036 2894 1095 2980 qui
1117 2893 1153 2958 in
1184 2895 1246 2959 hac
1268 2900 1363 2980 parte

312 2996 443 3084 vulgari
464 2995 508 3063 ab
531 2995 668 3062 ecclesia
688 2996 939 3084 permittuntur.

744 3356 824 3430 ca.
840 3357 941 3427 LXX.

360 3523 431 3590 San
476 3523 584 3612 majus
628 3524 864 3593 inconvenieus
917 3526 1038 3593 accidit
1081 3547 1125 3593 ex
1169 3526 1366 3615 primatione
1379 3525 1502 3614 Ifreguls-

315 3628 490 3714 designata
520 3651 580 3716 per
613 3650 750 3695 aureum
782 3651 957 3696 numerum
989 3629 1025 3694 in
1055 3629 1267 3708 kalendario;
1288 3651 1366 3694 nam
1379 3600 1534 3734 mg*

314 3731 455 3816 quilibet
480 3736 591 3818 potest
619 3731 731 3798 videre
765 3732 808 3797 ad
842 3733 981 3810 oculum,
1012 3731 1041 3796 si
1071 3731 1209 3818 aspiciat
1238 3731 1366 3811 coelum,
1379 3735 1519 3801 thum?

315 3833 404 3917 quod
434 3831 515 3897 luna
545 3837 596 3898 est
625 3833 732 3920 prima
767 3834 945 3899 secundum
983 3832 1182 3899 veritatem⁹
1211 3855 1270 3920 per
1300 3839 1369 3900 tres
1380 3802 1517 3853 themana.

316 3934 386 4000 dies
402 3935 455 4000 vel
476 3939 619 4020 quatuor
640 3940 819 4022 antequam
842 3934 993 4023 signetur
1014 3934 1050 3999 in
1072 3934 1274 4000 kalendario.
1320 3933 1369 4000 Et

315 4036 351 4100 in
384 4037 537 4103 omnibus
558 4038 769 4124 septuaginta
799 4059 858 4103 sex
889 4038 984 4124 annis
1016 4037 1141 4102 recedit
1172 4037 1327 4124 primatio
1348 4058 1370 4101 a

315 4136 386 4206 loco
424 4161 484 4205 suo
517 4138 554 4205 in
588 4139 781 4206 kalendario
812 4161 871 4227 per
900 4139 1064 4206 sexdecim
1102 4139 1234 4206 minuta
1270 4139 1369 4205 unius

316 4240 382 4307 diei
405 4246 440 4307 et
472 4242 692 4329 quadraginta
713 4240 901 4324 secunds3⁸
923 4248 958 4308 et
980 4242 1042 4308 hoc
1071 4247 1123 4308 est
1146 4243 1220 4330 plus
1250 4246 1369 4329 quarta

349 4476 358 4508 ¹
371 4475 449 4544 asse]
467 4475 504 4540 ln,
516 4476 549 4529 Φ.
901 4476 1041 4545 ἐκκιιᾰα]
1061 4493 1109 4530 om.
1122 4478 1153 4531 Τ.

349 4548 496 4608 'madum
510 4554 643 4622 veritatem]
662 4572 712 4608 om.
724 4557 755 4608 Τ.
