3586 5640
497 806 563 871 356
876 818 1005 870 noonnr
1027 818 1173 869 moeurs

543 994 588 1058 Et
611 994 681 1059 haee
704 993 868 1080 expositio
902 992 990 1057 ruala
1021 997 1079 1069 est,
1114 1014 1192 1058 nam
1223 1014 1291 1057 nou
1322 993 1467 1058 sumitur
1498 990 1555 1058 hio

497 1094 602 1161 lectus
625 1118 684 1182 pro
708 1095 818 1175 cubili,
833 1117 940 1181 neque
963 1094 1004 1159 ad
1029 1094 1169 1159 officium
1194 1094 1387 1172 dormiendi,
1403 1094 1460 1159 sed
1491 1116 1554 1181 pro

497 1197 639 1262 triclinio
651 1222 660 1278 ;
705 1198 835 1282 antiqui
872 1197 961 1262 enim
995 1201 1073 1261 ante
1110 1218 1207 1261 usum
1245 1218 1440 1262 soaunorum
1484 1217 1554 1261 non

497 1298 664 1364 habebant
686 1300 744 1363 ubi
768 1299 921 1364 sederent
943 1296 985 1363 ud
1009 1320 1155 1363 mensam
1178 1299 1243 1362 nisi
1266 1298 1303 1362 in
1325 1297 1439 1377 leotis;
1469 1302 1554 1362 ster-

497 1401 624 1466 nebant
654 1401 744 1466 euim
776 1406 843 1466 tres
864 1400 963 1466 lectos
996 1400 1159 1480 continue,
1192 1406 1226 1466 et
1248 1400 1296 1465 ibi
1327 1400 1371 1465 ed
1402 1420 1550 1465 mensam

497 1502 676 1582 sedebant;
715 1508 749 1569 et
770 1502 832 1568 hoc
855 1502 1017 1567 notabant
1039 1502 1221 1567 triclinium
1245 1524 1266 1566 a
1288 1500 1361 1582 truie,
1388 1500 1477 1586 quod
1500 1507 1552 1567 est

498 1610 574 1682 tres,
598 1611 632 1669 et
654 1603 812 1681 clintum,
838 1604 926 1690 quod
949 1610 1000 1669 est
1022 1603 1133 1669 lectus.
1180 1604 1225 1668 Et
1247 1603 1283 1667 hi
1306 1603 1382 1668 leoti
1405 1624 1551 1669 reserva·

497 1707 620 1772 bantur
635 1708 678 1771 ud
700 1707 843 1772 officium
865 1705 1056 1771 comedendi
1072 1727 1140 1770 non
1155 1705 1346 1770 donniendi
1382 1705 1427 1770 Et
1443 1704 1551 1791 Serip-

497 1815 573 1874 tura
596 1808 782 1892 huiusmodi
805 1808 913 1873 utitur
942 1808 1041 1873 leotis.
1096 1807 1184 1872 Nam
1208 1829 1267 1873 rex
1290 1806 1370 1872 Saul
1399 1807 1486 1872 sedit
1514 1808 1550 1871 iu

496 1911 582 1976 leoto
608 1911 651 1975 ad
674 1910 910 1975 comedendum
933 1910 968 1973 iu
992 1911 1089 1974 domo
1105 1910 1251 1974 mulieris
1274 1908 1493 1988 Phitonissae3
1516 1916 1551 1974 et

497 2014 533 2076 iu
556 2012 662 2099 primo
685 2012 807 2076 Hester
837 2012 978 2076 habetur
1011 2012 1051 2075 de
1082 2011 1269 2096 hujusmodi
1300 2011 1403 2076 lectis.
1459 2010 1550 2075 Nam

495 2136 557 2179 rex
580 2116 741 2179 Assuerus
758 2113 860 2199 jussit
881 2114 983 2178 sterni
1007 2113 1194 2199 hujusmodi
1215 2113 1316 2178 leotos
1338 2112 1375 2177 in
1396 2113 1552 2177 convivio

497 2238 556 2281 suo
604 2215 733 2303 grandi.
804 2215 1011 2301 Quapropter
1055 2214 1228 2280 ridiculose
1273 2219 1308 2280 et
1341 2213 1552 2300 impudenter

496 2319 702 2383 convertitur
718 2316 889 2402 Scriptura
913 2318 975 2381 Dei
998 2317 1033 2380 in
1059 2316 1227 2382 lasciviam
1250 2320 1285 2381 et
1307 2316 1549 2402 turpitudinem

497 2418 706 2482 Ouidianum.
763 2417 863 2482 Unde
901 2419 959 2483 illa
996 2418 1104 2504 glossa
1134 2440 1208 2483 eum
1242 2416 1401 2482 versiculo
1434 2416 1549 2483 Ovidii

496 2520 630 2584 deberet
652 2520 785 2606 penitus
807 2519 931 2599 abradi,
948 2519 1033 2585 siout
1055 2520 1171 2587 multae
1188 2519 1282 2600 uliae3
1305 2520 1384 2606 quia
1405 2521 1551 2585 nescitur

495 2622 653 2708 ibiquod
690 2621 794 2686 lectus
831 2622 867 2686 in
901 2622 1072 2708 Soripturn
1104 2623 1268 2709 signifieat
1297 2622 1474 2708 aliquando
1498 2623 1550 2687 in·

494 2714 715 2789 strumentu‘m
761 2724 961 2802 comedendi,
1000 2729 1034 2789 et
1075 2724 1253 2810 aliquando
1289 2723 1548 2789 instrumentum

495 2826 687 2904 dormiendi,
712 2831 747 2890 et
769 2826 797 2889 si
827 2825 979 2890 volumus
1008 2825 1186 2910 aliquando
1219 2826 1262 2891 ad
1289 2826 1548 2891 instrumentum

494 2929 620 2994 edendi.
667 2928 748 2993 Ideo
770 2928 889 2993 uooidit
911 2950 1001 2993 error
1022 2927 1198 3014 multiplex
1221 2928 1257 2992 in
1278 2928 1549 3014 expositionibus.

540 3032 688 3097 Tertium
711 3046 790 3096 vero
809 3037 919 3118 potest
944 3031 1023 3118 poni
1050 3031 1237 3116 exemplum
1264 3030 1305 3095 de
1328 3027 1451 3095 Amos¹
1475 3053 1549 3116 pro

495 3136 603 3219 pheta,
626 3135 684 3198 ubi
707 3133 808 3198 dicit:
837 3133 912 3197 “Et
935 3133 1035 3197 factio
1058 3153 1170 3198 eorum
1192 3130 1466 3210 lascivientium,''
1487 3133 1546 3197 ubi

494 3236 647 3312 ostendit,
672 3236 761 3319 quod
783 3235 882 3299 fuotio
912 3235 957 3299 sit
986 3235 1074 3299 idem
1109 3233 1198 3319 quod
1220 3234 1306 3299 actio
1333 3240 1367 3299 et
1390 3236 1547 3320 operatio,

494 3342 528 3400 et
558 3336 729 3400 derivatur
758 3359 778 3400 u
801 3336 906 3421 facio,
928 3336 1032 3422 faeie,
1064 3337 1150 3401 siout
1179 3337 1266 3401 aetio
1291 3337 1333 3400 ab
1363 3357 1433 3422 apo,
1458 3337 1545 3423 apis,

411 3446 414 3451 '
494 3443 545 3511 et⁴
565 3439 712 3524 operatio
750 3438 793 3500 ab
839 3459 965 3522 operor,
1005 3437 1167 3523 operaris.
1230 3437 1295 3502 Sed
1341 3438 1424 3502 illud
1461 3440 1546 3503 nibil

493 3543 550 3603 est.
612 3538 765 3626 Hugutio
803 3540 850 3603 ibi
889 3541 968 3604 dicit
1006 3540 1094 3625 quod
1132 3541 1175 3604 sit
1214 3540 1301 3604 idem
1333 3540 1420 3625 quod
1438 3539 1546 3625 fiet-io.

494 3641 559 3707 Sed
584 3664 652 3705 non
679 3647 729 3706 est
759 3663 882 3706 verum.
931 3641 1019 3705 Nam
1044 3640 1154 3726 factio
1183 3646 1371 3706 monstrant
1398 3641 1547 3708 doctores

492 3766 664 3830 nunquam
699 3744 765 3808 fuit
796 3745 832 3807 in
862 3766 924 3808 usu
962 3764 1022 3830 pro
1048 3744 1184 3820 actione,
1216 3749 1251 3807 et
1281 3743 1478 3828 operatione,
1511 3751 1547 3809 et

492 3848 644 3927 liotione3
675 3847 732 3911 sed
754 3869 813 3932 pro
837 3847 1010 3911 concordia
1032 3846 1192 3911 malorum
1223 3851 1257 3909 et
1279 3845 1543 3912 feninorosoruru.

492 3948 592 4014 Unde
612 3948 787 4014 Sallustius
803 3954 917 4013 auctor
936 3947 1142 4028 certissimus,
1158 3952 1198 4012 ut
1213 3947 1294 4011 dicit
1310 3947 1544 4033 Hieronymus,

491 4051 558 4115 ait²
575 4054 610 4115 in
625 4051 648 4116 J
651 4051 841 4137 ugurthino,
857 4051 944 4136 quod
968 4051 1114 4116 amicitia
1129 4056 1179 4114 est
1194 4050 1282 4114 idem
1297 4050 1382 4114 velle
1405 4055 1440 4114 et
1457 4050 1545 4114 nolle

490 4153 578 4217 inter
599 4153 711 4229 bonos,
736 4153 833 4217 sautio
856 4153 945 4217 inter
969 4152 1078 4217 malos.
1126 4151 1172 4216 Et
1197 4151 1275 4216 lio'et
1296 4152 1332 4215 in
1355 4150 1544 4236 hujusmodi

490 4254 633 4317 multum
656 4260 783 4319 erretur
817 4255 849 4317 in
884 4254 1065 4341 Scripturae
1098 4252 1312 4339 expositione,
1349 4252 1413 4338 [et]
1445 4254 1545 4319 innu-

491 4466 606 4473 -----—-
641 4465 652 4470 ι·
664 4465 839 4472 ——.-——-·.-..
1152 4468 1155 4473 -
1167 4462 1542 4475 n--a-—Q—...nfi———n-n

522 4594 630 4659 ¹Amos]
668 4599 683 4623 “
696 4604 720 4646 et
745 4597 884 4648 auferretur
911 4599 986 4649 suerio
1010 4597 1016 4731 1
1069 4601 1139 4668 ²m't]
1159 4617 1198 4662 au,
1212 4601 1265 4654 tls,

482 4675 718 4726 “lascivientium'’
750 4677 819 4728 vil.
