3586 5640
465 758 530 827 372
844 775 972 825 aocmu
994 775 1139 826 aacours

465 942 557 1008 etin
580 941 748 1026 superficie
771 947 805 1008 et
828 944 864 1008 in
886 943 1058 1030 profundo,
1082 947 1117 1008 et
1143 941 1311 1008 reducitur
1335 939 1395 1006 lux
1417 940 1520 1006 ineis

466 1043 506 1107 de
523 1043 672 1129 potentia
686 1045 834 1110 materiae
856 1067 915 1131 per
937 1067 1048 1110 veram
1071 1042 1300 1108 alterationem
1322 1042 1518 1119 naturalem,

466 1165 541 1229 quae
565 1144 653 1228 quod
668 1147 718 1208 est
732 1143 769 1208 in
783 1146 935 1230 potentia
949 1144 1100 1231 producit
1115 1144 1284 1220 inactum,
1303 1142 1355 1227 (ut
1368 1146 1463 1229 patet
1477 1163 1521 1207 ex

467 1249 561 1331 parte
591 1245 693 1308 tertia
722 1266 823 1330 quam
845 1246 944 1311 mitto
969 1246 1005 1309 in
1030 1244 1261 1331 geometriae)
1277 1265 1346 1309 non
1366 1243 1521 1309 obstante

467 1345 720 1431 incorruptione.
781 1347 826 1410 Et
863 1345 910 1411 sic
941 1352 991 1411 est
1028 1345 1090 1423 hic,
1117 1345 1196 1430 quia
1232 1344 1354 1432 species
1390 1344 1522 1431 agentia

469 1447 628 1532 recipitur
651 1448 687 1510 in
712 1467 844 1532 corpore
865 1446 1025 1527 damnati,
1049 1468 1118 1511 non
1142 1446 1296 1512 obstante
1318 1446 1521 1532 equalitate,

470 1553 505 1613 et
527 1548 698 1634 permittet
727 1569 795 1613 esse
826 1569 952 1634 semper
975 1570 1055 1614 eam.
1113 1548 1160 1612 Et
1182 1548 1260 1634 quia
1289 1547 1394 1634 magis
1416 1546 1522 1612 excel·

470 1649 512 1738 lit
535 1671 665 1714 sensum
687 1652 797 1713 tactus
820 1648 948 1735 affligit,
973 1650 1064 1713 ultra
1086 1649 1169 1714 illud
1201 1649 1289 1734 quod
1315 1648 1379 1714 dici
1412 1652 1523 1734 potest

471 1750 507 1815 in
548 1749 733 1817 coeleatibus
771 1750 962 1830 evidentem
990 1755 1025 1815 et
1066 1751 1102 1814 in
1135 1755 1229 1815 tactu
1270 1749 1434 1835 spirituali
1470 1753 1523 1814 est

448 1851 557 1916 ,aetio
580 1852 616 1914 in
650 1849 879 1936 perfectionem
903 1850 1069 1936 patientis.
1116 1849 1182 1915 Sed
1204 1849 1336 1935 quando
1361 1849 1522 1936 tangibile

472 1951 602 2016 excedit
634 1951 814 2036 corrumpit
851 1972 991 2016 sensum.
1037 1950 1115 2014 Non
1137 1950 1316 2036 corrumpit
1344 1971 1422 2016 vero
1451 1970 1522 2016 cor-

472 2075 553 2140 pora
575 2052 814 2129 damnatorum,
850 2053 929 2137 quia
958 2051 1007 2116 ibi
1040 2055 1090 2116 est
1123 2051 1304 2136 aqualiter.
1348 2051 1415 2117 Sed
1454 2073 1523 2117 non

474 2159 526 2221 est
567 2153 740 2238 aequalitas
785 2152 996 2238 tangibilium
1035 2156 1074 2216 ut
1113 2171 1201 2217 nunc
1242 2157 1292 2217 eat
1330 2152 1367 2217 in
1401 2152 1524 2218 nostris

475 2251 684 2340 corporibus¹
730 2253 797 2317 Sed
831 2275 904 2318 cum
935 2254 1004 2318 haec
1029 2253 1172 2318 alterata
1200 2273 1336 2319 manens
1366 2258 1401 2319 et
1432 2254 1525 2320 edita

474 2361 609 2440 propter
635 2353 863 2418 excellentiam
889 2353 1061 2434 sensibilis,
1085 2353 1253 2419 sciendum
1282 2355 1370 2440 quod
1401 2355 1525 2420 instru-

475 2460 624 2518 mentum
651 2457 761 2517 tactus
789 2454 826 2516 in
859 2454 953 2519 nobis
986 2460 1036 2520 est
1081 2455 1190 2520 media
1227 2460 1349 2521 natura
1380 2457 1525 2544 tangibi-

476 2555 566 2631 lium,
598 2560 637 2618 ut
667 2553 748 2617 dicit
778 2554 974 2620 Aristotelea
1003 2556 1145 2621 secundo
1174 2556 1226 2622 De
1255 2557 1379 2622 Anima
1392 2556 1424 2637 3⁹
1457 2578 1525 2623 non

476 2662 588 2721 tamen
625 2654 758 2720 omnino
787 2655 897 2719 media
942 2677 1000 2741 per
1041 2657 1266 2742 aequalitatem
1302 2658 1442 2745 plenam,
1469 2659 1527 2724 sed

477 2756 598 2823 dicitur
620 2755 728 2820 media
757 2777 816 2842 per
837 2757 1055 2842 privationem
1081 2759 1237 2844 superflui
1259 2760 1398 2825 duorum
1420 2765 1529 2825 extre-

478 2880 616 2938 morum,
632 2857 717 2923 sicut
739 2857 866 2923 medius
888 2858 975 2922 color
998 2858 1120 2924 dicitur
1142 2860 1299 2924 coenrleus
1313 2861 1372 2946 qui
1392 2866 1526 2926 tantum

478 2961 578 3025 habet
601 2960 675 3046 plus
697 2959 738 3023 de
753 2959 828 3023 albo
839 2980 938 3043 quam
954 2958 995 3022 de
1017 2960 1120 3045 nigro,
1144 2960 1231 3025 vele
1254 2981 1415 3028 converso.
1461 2962 1527 3028 Sed

478 3063 515 3126 in
536 3061 699 3127 damnatis
721 3065 771 3125 est
792 3061 937 3125 medium
960 3060 1098 3146 simplex
1121 3066 1155 3125 et
1177 3062 1311 3147 aequale,
1334 3068 1375 3127 ut
1403 3064 1527 3128 instru-

479 3169 627 3228 mentum
665 3161 825 3247 tangendi
863 3161 1003 3226 calidum
1044 3167 1079 3226 et
1112 3161 1270 3248 frigidum
1313 3169 1364 3230 est
1401 3167 1527 3250 aequalc

480 3265 566 3326 inter
588 3285 626 3326 ea
647 3263 756 3326 media
792 3283 871 3326 vero
903 3262 1061 3346 tangendi
1083 3263 1202 3328 siccum
1225 3270 1259 3329 et
1281 3264 1451 3330 humidum
1478 3273 1530 3331 eat

480 3363 604 3447 aequale
619 3363 706 3426 inter
728 3384 773 3440 ea,
791 3368 825 3426 et
847 3367 1022 3447 utrumque
1045 3364 1190 3428 medium
1205 3370 1255 3430 est
1277 3367 1401 3450 aequale
1423 3367 1530 3445 alteri,

480 3470 514 3529 et
550 3470 697 3527 extrema
727 3468 805 3528 aunt
842 3464 987 3548 aequalia
1051 3464 1096 3528 Et
1127 3466 1188 3530 hoc
1222 3466 1295 3532 dico
1326 3469 1367 3532 de
1402 3468 1530 3533 duobus

480 3566 603 3642 mediis,
628 3565 706 3650 quia
729 3569 837 3629 tactus
859 3569 938 3628 sunt
953 3565 1018 3629 duo
1042 3587 1155 3630 sensus
1178 3569 1357 3633 secundum
1380 3571 1529 3655 speciem,

481 3670 566 3734 sicut
581 3672 659 3732 sunt
681 3666 746 3731 duo
769 3665 878 3730 media
900 3666 1009 3755 inhia
1031 3673 1173 3751 quatuor
1194 3669 1410 3754 qualitatibus
1422 3694 1430 3750 ;
1452 3673 1532 3756 quia

481 3770 626 3835 medium
649 3790 752 3833 unam
774 3788 932 3840 essenon
946 3773 1064 3852 potest,
1088 3774 1128 3834 ut
1150 3770 1325 3855 probatum
1348 3775 1398 3836 est
1420 3774 1532 3858 prius;

482 3876 516 3936 et
539 3872 612 3937 ideo
634 3892 694 3934 nee
715 3891 801 3933 unus
824 3873 940 3944 tactus,
964 3868 1020 3932 sed
1044 3870 1161 3954 plures,
1177 3872 1262 3937 sicut
1284 3872 1379 3938 docet
1401 3873 1531 3940 Aristo-

482 3974 564 4037 telas
579 3972 720 4037 secundo
743 3972 794 4035 De
816 3969 946 4034 Anima.
986 3970 1086 4033 Salva
1108 3971 1211 4057 igitur
1233 3973 1431 4058 aequalitate,
1446 3976 1533 4042 sicut

482 4077 523 4138 de
561 4073 748 4139 coelestibus
794 4073 983 4156 incorrupto
1018 4078 1180 4152 manente,
1205 4074 1362 4140 educetur
1408 4079 1533 4163 species

481 4176 570 4260 ignis
593 4176 633 4239 de
650 4175 799 4259 potentia
819 4173 966 4237 materiae
989 4175 1132 4258 corporis
1155 4174 1304 4243 damnati
1326 4199 1400 4242 cum
1414 4179 1535 4245 altera·

515 4487 522 4516 ¹
535 4486 686 4552 corporibus]
709 4486 772 4536 This
794 4487 844 4537 and
863 4485 905 4536 the
922 4491 984 4534 next
995 4489 1113 4535 sentence
1125 4501 1191 4536 seem
1202 4494 1229 4538 tc
1239 4486 1304 4538 liare
1316 4487 1378 4538 been
1389 4488 1535 4552 uanspcsed

479 4567 514 4630 by
526 4566 567 4614 the
577 4565 733 4614 transcribor.

514 4646 524 4674 ²
536 4644 577 4693 De
588 4643 692 4707 Anima]
706 4644 732 4692 ii.
745 4648 781 4692 ll.
