3586 5640
310 758 350 846 a]
472 856 475 860 ,
645 773 878 826 corruamus
900 775 1026 828 aroma
1300 767 1366 832 403

308 955 422 1017 tamen
443 950 661 1039 adimpletum
683 956 755 1031 est3
786 952 865 1038 quia
887 953 972 1017 sicut
993 952 1183 1039 prophetice
1205 955 1364 1041 scriptum

308 1053 381 1133 fuit,
404 1054 451 1119 sio
484 1054 659 1120 recitatum
691 1054 887 1141 prophetice,
920 1060 1080 1140 tanquam
1108 1062 1286 1122 venturum
1320 1059 1365 1123 sit

308 1157 487 1223 secundum
525 1157 743 1223 intentionem
773 1157 934 1244 Apostoli,
965 1179 1026 1222 neo
1055 1179 1115 1222 suo
1137 1163 1285 1244 tempore
1307 1161 1364 1225 ad-

308 1259 490 1346 impletum.
546 1258 640 1325 Siout
665 1281 726 1324 nos
747 1260 874 1338 scimus,
906 1280 974 1324 non
1003 1259 1111 1324 solum
1133 1261 1282 1347 alonge,
1307 1262 1365 1327 sed

307 1383 409 1447 prope
433 1383 502 1440 nos,
516 1362 666 1448 regiones
688 1361 789 1427 maris
811 1383 880 1427 esse
902 1384 977 1448 quae
1001 1362 1038 1426 in
1061 1383 1144 1448 puro
1171 1363 1364 1448 paganismo

308 1463 416 1529 adhuc
441 1469 618 1543 remanent,
635 1464 755 1551 quibus
776 1484 946 1550 nunquam
973 1463 1038 1529 fuit
1063 1463 1289 1550 praedicatum,
1305 1486 1365 1531 nec

308 1565 414 1652 legem
437 1565 501 1631 Dei
523 1572 738 1654 receperunt3
780 1572 820 1631 ut
849 1571 928 1632 sunt
950 1565 1093 1632 Ponteni
1125 1572 1160 1631 et
1190 1564 1362 1644 Lecewini,

309 1671 344 1732 et
380 1667 438 1732 alii
474 1669 580 1749 multi,
620 1670 678 1756 qui
714 1673 898 1755 sequuntur
934 1668 1017 1734 fines
1054 1667 1271 1734 Alemanniae.
1318 1667 1365 1734 Et

308 1791 377 1835 non
400 1769 502 1836 distat
524 1771 720 1859 principium
746 1779 910 1838 terrarum
931 1771 1063 1837 illarum
1087 1794 1108 1837 a
1128 1771 1281 1847 Parisius,
1297 1770 1363 1836 nisi

309 1883 469 1959 quantum
493 1873 618 1956 Roma;
656 1881 690 1941 et
712 1880 792 1941 sunt
814 1875 940 1960 majora
962 1895 1065 1961 regna
1087 1895 1187 1959 quam
1207 1873 1362 1938 Aleman-

308 1976 372 2041 uiua
410 1981 445 2042 et
476 1975 625 2044 Franoiae
662 1982 697 2044 et
735 1977 929 2064 Hispaniae3
967 1977 1053 2043 sicut
1085 1974 1363 2043 certitudinaliter

306 2080 610 2165 comprehendimus
632 2101 690 2166 per
712 2081 860 2145 homines
882 2079 947 2146 fide
970 2079 1095 2166 dignos.

352 2181 443 2246 Deus
465 2183 598 2268 quidem
628 2187 762 2269 propter
792 2202 885 2247 suam
911 2181 1096 2248 bonitatem
1127 2180 1303 2262 infinitam,
1327 2188 1528 2259 etGoddelays

308 2283 590 2368 longanimitatem
628 2285 808 2372 sapientiae,
850 2307 918 2349 non
957 2285 1072 2350 statim
1118 2285 1217 2370 punit
1256 2305 1360 2370 genus
1371 2258 1474 2376 ffih'

308 2383 497 2465 humanum,
521 2387 579 2451 sed
601 2386 714 2452 differt
736 2386 927 2464 vindictam,
953 2388 1136 2473 usquedum
1159 2386 1361 2471 compleatur

306 2486 473 2573 iniquitas,
499 2510 573 2574 quae
597 2511 663 2554 non
686 2492 795 2575 potest
817 2509 876 2554 nec
906 2488 1005 2554 debet
1035 2490 1174 2554 ulterius
1196 2489 1359 2554 sustineri

308 2589 350 2652 In
374 2589 492 2656 Genesi
515 2591 603 2657 enim
625 2591 772 2678 legimus,
806 2592 894 2677 quod
916 2591 1025 2656 noluit
1047 2597 1128 2656 ωηο
1150 2591 1228 2656 dare
1252 2590 1361 2655 Patri-

306 2692 412 2757 archis
433 2698 555 2759 terram
584 2694 785 2780 promissam,
824 2693 902 2779 quia
924 2694 1072 2758 nondum
1104 2694 1265 2779 completa
1295 2692 1361 2758 fuit

306 2793 463 2879 iniquitas
481 2795 746 2877 Amorraeorum3
769 2796 826 2861 sed
853 2796 985 2880 quando
1011 2795 1154 2881 perfecta
1181 2794 1255 2871 fuit,
1279 2797 1360 2859 tunc

304 2919 362 2983 per
384 2898 469 2963 filios
492 2899 595 2964 Israel
626 2919 770 2986 egressos
804 2899 844 2963 de
867 2898 1015 2984 AEgypto
1046 2896 1229 2982 flagellavit
1256 2896 1360 2960 incre-

306 3000 399 3064 dulos
421 3006 455 3066 et
477 3001 639 3087 indignos.
695 3000 761 3065 Sed
783 3021 851 3064 non
877 2999 1115 3064 exterminavit
1136 2998 1252 3063 statim
1274 2998 1360 3062 filios

307 3102 409 3167 Israel
432 3109 610 3189 peccantes,
645 3103 723 3168 licet
753 3101 946 3166 multotiens
976 3100 1144 3186 corripuit.
1189 3098 1256 3165 Sed
1285 3105 1359 3164 tan-

306 3204 382 3266 dem
405 3204 534 3289 expulit
558 3224 612 3268 eos
634 3204 779 3269 finaliter
805 3202 846 3268 de
868 3206 959 3268 terra
985 3202 1032 3266 eis
1055 3203 1142 3283 data,
1166 3206 1202 3266 et
1223 3201 1360 3266 transie-

306 3309 385 3368 runt
423 3306 459 3369 in
498 3306 724 3391 captivitatem
755 3304 956 3390 Babylonis;
994 3309 1028 3370 et
1065 3305 1242 3392 castigatos
1278 3306 1361 3369 satis

306 3405 426 3470 iterum
448 3406 582 3472 reduxit
604 3408 640 3472 in
661 3415 784 3473 terram
810 3428 912 3488 suam,
937 3407 1040 3473 donec
1064 3407 1269 3473 confirmatio
1294 3407 1361 3471 fuit

308 3508 442 3594 peccati,
468 3514 502 3574 et
531 3510 684 3596 apparuit
714 3509 876 3576 Dominus
905 3509 1005 3576 «Iesus
1036 3510 1196 3589 Christus,
1227 3515 1268 3575 ut
1306 3510 1361 3575 de·

305 3615 447 3676 strueret
473 3617 640 3698 peecatum
671 3613 855 3698 antiquum,
879 3618 914 3679 et
940 3613 1084 3679 remedia
1117 3614 1213 3678 daret
1245 3619 1361 3679 contra

304 3735 392 3779 nova
413 3714 505 3778 vitia.
537 3713 582 3780 Et
604 3715 721 3801 elapsis
743 3717 838 3781 annis
860 3714 1076 3802 indulgentia
1103 3715 1232 3780 circiter
1258 3715 1360 3800 quad-

304 3817 443 3905 raginta,
468 3816 609 3904 perfidos
629 3817 765 3883 Judaeos
791 3818 926 3883 omnino
951 3818 1141 3904 reprobavit
1163 3839 1222 3903 per
1245 3816 1360 3882 Titum

305 3918 551 4006 Vespasianum,
569 3920 647 4006 quia
668 3922 832 4008 completa
853 3921 918 3986 fuit
940 3927 1021 3986 tune
1043 3921 1204 4005 iniquitas
1222 3919 1248 3986 J
1250 3920 1358 3984 udaeo-

303 4045 384 4088 rum.
430 4023 485 4089 Sic
508 4024 566 4088 diu
588 4045 662 4089 cum
678 4024 792 4088 multis
814 4025 920 4089 modis
943 4029 977 4088 et
999 4022 1201 4109 temporibus
1222 4021 1361 4088 diversis

305 4126 396 4192 Deus
418 4126 576 4213 corripuit
602 4132 637 4192 et
666 4128 809 4192 correxit
831 4126 998 4191 ecclesiam
1024 4145 1125 4191 suam
1172 4124 1239 4191 Sed
1271 4147 1360 4190 nune

305 4231 383 4314 quia
412 4229 573 4316 completa
595 4234 646 4295 est
667 4229 796 4295 malitia
825 4228 1005 4306 hominum,
1034 4232 1164 4315 oportet
1191 4228 1279 4314 quod
1301 4249 1360 4314 per

304 4333 467 4417 optimum
498 4332 630 4419 Papam,
655 4336 690 4397 et
711 4354 770 4419 per
792 4331 955 4419 optimum
977 4331 1167 4418 principem,
1198 4336 1359 4417 tanquam

304 4435 414 4520 gladio
448 4436 612 4501 materiali
641 4435 814 4521 conjuncto
851 4433 962 4521 gladio
995 4434 1160 4521 spirituali
1199 4439 1358 4521 purgetur

305 4535 461 4617 ecclesia3
493 4542 552 4602 aut
574 4539 662 4623 quod
683 4560 741 4624 per
763 4523 1014 4614 Antichristum‚
1039 4536 1093 4601 vel
1124 4557 1183 4623 per
1213 4537 1357 4621 aliquam

305 4638 561 4717 tribulationem,
585 4645 625 4706 ut
655 4662 713 4726 per
735 4637 931 4706 discordiam
957 4639 1142 4726 principum
1174 4637 1356 4704 Christian·

1119 4742 1219 4805 002
