3586 5640
449 755 515 822 332
828 766 957 817 socam
978 765 1125 816 nscosrs

493 943 622 1008 Deinde
644 942 735 1008 aliud
757 945 808 1008 θεὴ
831 942 1062 1008 documentum
1085 940 1266 1030 Augustini
1294 945 1329 1006 θὴ
1350 939 1500 1005 omnium

448 1045 619 1111 doctorum
657 1045 699 1110 de
736 1045 969 1110 certificatione
1002 1049 1124 1110 textus.
1185 1043 1275 1108 Nam
1312 1043 1382 1130 ipss
1414 1042 1502 1107 libro

448 1151 638 1223 memorato,
677 1152 712 1211 θὴ
757 1146 842 1211 libro
889 1145 1057 1212 Doctrinae
1104 1144 1303 1232 Christianae
1352 1143 1496 1210 secamdo

450 1247 591 1336 [5221
618 1253 654 1313 et
689 1247 770 1312 alibi
799 1247 1053 1335 multiplicitsr3
1091 1247 1318 1332 Hieronymus
1341 1245 1496 1311 similiter

449 1348 571 1434 ubique
616 1349 719 1416 docet.
768 1349 813 1415 Et
843 1370 956 1416 omnes
978 1349 1126 1416 doctores
1147 1349 1210 1414 hoc
1231 1349 1387 1428 fatentur,
1411 1347 1500 1433 quod

449 1451 683 1515 recurrendum
715 1455 766 1515 θεὴ
799 1450 843 1516 ad
877 1450 1026 1538 linguam
1058 1451 1099 1516 de
1137 1472 1203 1536 qua
1234 1450 1415 1515 translatus
1450 1454 1502 1513 θεὴ

427 1556 564 1617 'textus
587 1552 791 1632 Latinorum,
815 1557 855 1618 ut
877 1552 1033 1618 videatur
1054 1552 1177 1617 veritas
1204 1551 1242 1615 in
1271 1551 1389 1615 radice
1435 1549 1502 1615 Sed

451 1652 603 1718 Graecum
617 1653 654 1717 in
668 1653 812 1718 hocloco
827 1653 1012 1718 nonhabet
1027 1651 1275 1739 confessionem,
1288 1651 1346 1716 sed
1361 1650 1501 1715 verbum

450 1754 538 1842 quod
560 1754 647 1819 idem
670 1755 834 1841 significat
856 1754 944 1841 quod
968 1753 1174 1842 confundere
1197 1759 1227 1819 ct
1250 1751 1442 1819 cmcbcsccra

496 1855 583 1920 Item
606 1855 707 1922 tertia
739 1855 891 1942 probatio
925 1861 976 1922 est
1007 1878 1066 1942 per
1089 1855 1318 1942 Augustinum
1348 1854 1384 1918 in
1415 1852 1502 1919 libro

452 1956 504 2024 De
520 1957 701 2024 Concordia
716 1956 1025 2045 Εεθειςθὴίεὴθεθιιη.1
1059 1957 1093 2023 N
1095 1980 1147 2024 am
1169 1958 1279 2023 utitur
1300 1957 1362 2022 hoc
1383 1959 1501 2021 textu:

453 2058 525 2142 Qus
545 2081 599 2126 mc
621 2059 784 2146 confusus
812 2059 993 2147 fecittot
1020 2059 1115 2125 illum
1147 2059 1295 2146 exponit
1342 2056 1505 2124 Similiter

451 2162 538 2228 idem
562 2162 769 2249 Augustinus
791 2161 828 2226 in
850 2161 935 2227 libro
952 2160 1078 2228 Contra
1092 2159 1330 2226 Adversarium
1351 2157 1448 2246 Legis
1469 2163 1505 2224 θὴ

452 2261 714 2350 Prophetarum,²
729 2268 764 2328 θὴ
778 2263 1006 2340 Adimantum,
1022 2261 1136 2328 eadem
1151 2262 1249 2327 litera
1263 2261 1379 2327 utitur.
1414 2259 1503 2326 Item

453 2363 567 2430 Βθάε8
598 2365 841 2430 literatissimus
866 2365 902 2428 in
924 2365 1140 2451 grammatica
1173 2367 1208 2429 et
1229 2362 1353 2450 linguis
1382 2362 1418 2426 in
1440 2362 1505 2427 ori-

453 2466 556 2552 ginali
590 2465 698 2530 utitur
735 2465 797 2530 hac
827 2465 945 2532 litera:
988 2464 1059 2548 Qud
1087 2486 1141 2532 ‘me
1178 2464 1342 2551 confossas
1378 2463 1503 2550 fucrit.

454 2567 611 2633 Probatio
633 2587 712 2632 vcro
744 2572 841 2632 sexta
862 2571 898 2632 et
927 2567 1048 2632 ultima
1078 2572 1129 2632 θεὴ
1154 2566 1343 2646 certissima,
1374 2570 1409 2632 θὴ
1437 2565 1507 2631 sola

454 2667 584 2751 sufficit,
622 2673 657 2734 θὴ
694 2672 745 2735 θεὴ
781 2690 840 2754 per
878 2688 1018 2734 canones
1064 2667 1329 2755 Evangeliorum
1390 2667 1507 2735 Sancti

450 2771 544 2836 enim
585 2771 733 2839 doctores
779 2775 914 2857 propter
946 2770 1178 2836 certitudinem
1216 2768 1449 2856 Evangelicam
1485 2790 1509 2833 a

455 2873 617 2960 principio
639 2872 879 2939 ordinaverunt
911 2872 1158 2958 quatuordecim
1189 2893 1337 2953 canones,
1360 2872 1397 2936 in
1418 2871 1508 2958 prin·

456 2974 542 3062 cipio
587 2975 787 3040 concordant
832 2995 952 3055 omnes,
999 2974 1035 3038 in
1074 2973 1199 3040 caeteris
1240 2978 1316 3051 tres,
1363 2976 1397 3038 θὴ
1441 2973 1507 3038 duo

459 3077 639 3144 secundum
681 3074 938 3143 combinationes
982 3076 1161 3163 possibiles,
1188 3074 1226 3139 in
1263 3075 1380 3140 ultimo
1424 3095 1510 3138 unus

459 3183 641 3266 reparatur,
697 3179 754 3265 qui
791 3177 893 3243 habet
938 3175 1026 3264 quod
1069 3177 1128 3243 alii
1164 3199 1232 3242 non
1269 3175 1402 3242 habent.
1462 3175 1508 3240 Εὴ

458 3279 494 3344 hi
521 3301 661 3344 canones
684 3279 802 3344 Bibliis
824 3280 971 3365 antiquis
1001 3284 1172 3366 ponuntur
1202 3283 1281 3344 ante
1318 3277 1507 3365 Evangelia,

459 3401 541 3466 quos
586 3402 645 3466 pro
675 3380 876 3446 authenticis
909 3380 1034 3447 habent
1071 3401 1183 3446 omnes
1216 3381 1322 3447 sancti
1353 3381 1510 3447 doctores

459 3481 505 3547 Εὴ
545 3503 603 3568 per
640 3482 699 3547 hos
736 3488 948 3549 correxenmt
992 3483 1181 3570 Evangelia
1250 3482 1317 3548 Sed
1364 3482 1401 3547 in
1448 3481 1510 3546 hoc

459 3584 530 3650 loco
568 3588 635 3650 tres
672 3582 899 3671 Evaugciicac⁴
936 3584 1142 3664 concordant,
1175 3584 1260 3650 sicut
1291 3584 1444 3649 scribitur
1473 3583 1509 3647 in

462 3685 528 3751 illis
559 3686 746 3766 canonibus,
782 3686 905 3752 scilicet
943 3685 1083 3767 Marcus,
1115 3686 1306 3766 Matthaeus,
1331 3691 1366 3752 θὴ
1396 3686 1509 3750 Lucas

460 3786 528 3853 Sed
575 3788 681 3854 Lucas
729 3787 839 3866 habet,
887 3785 959 3870 Qui
1007 3808 1059 3853 ma
1104 3786 1287 3865 erubuerit,
1326 3787 1413 3874 quod
1459 3792 1510 3853 θεὴ

461 3889 659 3956 contrarium
696 3889 897 3956 confessioni.
944 3889 1133 3980 Matthaeus
1155 3911 1242 3967 vero,
1267 3888 1338 3971 Qui
1370 3909 1424 3956 ma
1454 3909 1512 3954 aaa·

458 3990 599 4077 caverit,
638 3992 727 4079 quod
758 3997 809 4057 θεὴ
846 3991 1138 4057 contradictorium
1168 3992 1264 4056 istius
1294 3990 1409 4072 literae,
1442 3988 1513 4073 Qui

501 4324 749 4390 Ἐυαηρεὴὶεὴανιιηι]
768 4325 808 4375 De
826 4324 963 4384 consensu,
1011 4324 1113 4390 copies3
1141 4326 1261 4392 although
1283 4326 1322 4377 his
1344 4334 1513 4393 commentary

458 4402 513 4461 διε,
525 4402 552 4452 ii.
564 4403 579 4468 ξ
592 4408 646 4453 lll.
1012 4420 1045 4455 on
1059 4406 1101 4455 the
1112 4419 1216 4470 passage
1227 4405 1324 4470 implies
1335 4406 1361 4456 it.

491 4485 502 4513 ²
515 4482 704 4549 Prophetarum]
717 4484 734 4535 i.
747 4489 787 4546 41,
799 4484 893 4537 Contra
899 4485 964 4534 Adi·
1047 4485 1056 4514 ⁴
1067 4492 1116 4536 tres
1126 4483 1297 4552 Evanqelieae]
1316 4485 1364 4537 tria
1375 4485 1513 4551 evangelia,

465 4570 585 4620 mantum,
601 4563 666 4628 §¹⁸-
1013 4564 1096 4630 Hody.

501 4641 608 4706 'Boda]
644 4641 697 4692 Not
723 4641 751 4690 in
778 4641 820 4691 tho
846 4643 964 4709 ordinary
