3586 5640
449 762 515 827 296
821 774 949 824 coeam
972 771 1119 823 nnooms
1408 754 1502 843 [car

448 951 555 1015 multo
594 949 700 1036 magis
738 949 791 1015 hic
827 950 1065 1016 consideranda
1103 953 1205 1028 sunt3
1243 947 1323 1033 quia
1343 946 1398 1012 hic
1430 948 1513 1033 plus

449 1051 631 1118 aocedunt¹
655 1053 699 1117 ad
723 1056 867 1131 cantum,
883 1059 918 1119 et
943 1053 1018 1118 ideo
1047 1051 1241 1139 expressius,
1257 1054 1292 1116 et
1307 1048 1513 1132 sensibilius,

450 1160 486 1221 et
508 1155 696 1220 distinctius
722 1157 944 1242 requiruntur.

283 1273 366 1322 Three
497 1257 625 1323 Deinde
647 1280 721 1323 cum
744 1280 822 1323 usus
844 1257 1004 1345 psallendi
1026 1257 1071 1323 sit
1092 1256 1299 1335 necessarius,
1330 1261 1370 1322 ut
1396 1255 1510 1321 mani-

283 1338 414 1471 {mg
451 1360 573 1426 festum
607 1365 664 1439 est,
698 1359 802 1427 tune²
836 1360 1109 1426 considerandum
1143 1365 1228 1427 esset
1256 1359 1434 1446 diligenter
1464 1380 1510 1425 ne

452 1468 601 1528 mutetur
616 1462 796 1529 harmoniae
818 1462 1009 1550 proprietas,
1026 1485 1126 1549 quam
1148 1462 1353 1529 sacrosancta
1370 1461 1510 1527 eeclesia

452 1565 600 1630 instituit
622 1588 643 1629 a
664 1564 827 1651 principio
850 1564 1029 1631 observari.
1075 1563 1165 1631 Nam
1188 1563 1369 1630 seeundum
1414 1564 1510 1650 quod

452 1665 615 1732 Boetius³
639 1672 674 1733 et
696 1665 809 1733 ceeteri
839 1672 989 1732 auctores
1016 1667 1149 1733 musieae
1180 1665 1356 1744 declarant,
1380 1665 1509 1751 triplex

453 1775 504 1835 est
537 1792 642 1856 genus
673 1769 880 1850 harmoniae3
922 1791 1028 1835 unum
1065 1773 1116 1835 est
1153 1769 1248 1834 ferox
1284 1772 1319 1834 et
1351 1767 1508 1847 immite3

453 1872 545 1937 aliud
591 1873 749 1938 lascivum
794 1877 830 1939 et
874 1872 1093 1954 dissolutum3
1137 1871 1278 1936 tertium
1326 1870 1423 1936 virile
1470 1873 1509 1936 et

453 1982 616 2054 constans,
641 1976 730 2062 quod
752 1981 803 2041 est
824 1975 972 2041 medium
993 1975 1083 2040 inter
1104 1974 1170 2039 duo
1191 1972 1357 2062 praedicta

284 2082 412 2148 Daunia
500 2078 649 2144 Primum
672 2083 809 2144 vocatur
831 2077 1043 2159 diatonicum,
1066 2076 1244 2143 seeundum
1267 2075 1390 2141 dieitur
1411 2075 1510 2143 chro-

285 2154 430 2270 {ffiff‘iss
454 2182 622 2262 maticum,
653 2181 792 2245 tertium
830 2178 976 2245 dicitur⁴
1017 2178 1296 2258 enharmonicum,
1326 2177 1416 2264 quod
1454 2183 1510 2245 est

223 2362 227 2371 q
285 2287 376 2337 monic.
453 2283 578 2370 optime
615 2287 755 2369 apteque
792 2281 1012 2368 conjunctum,
1043 2286 1084 2347 ut
1120 2281 1169 2347 ait
1204 2281 1348 2347 Boetius.
1403 2280 1509 2348 Certe

286 2378 400 2429 Thelia
453 2385 559 2450 totius
596 2384 775 2449 harmonice
809 2384 926 2449 modus
956 2383 999 2449 ab
1030 2383 1164 2449 ecclesia
1193 2388 1228 2449 et
1256 2381 1377 2448 sanctis
1406 2382 1510 2449 insti·

284 2445 391 2573 iiii?
453 2491 547 2552 tutus
569 2491 620 2552 est
640 2485 888 2551 enharmonicus
900 2511 908 2567 ;
931 2491 971 2551 ut
986 2490 1020 2552 et
1034 2508 1126 2552 mens
1145 2485 1290 2551 humana
1310 2507 1384 2551 eum
1407 2489 1510 2553 tanta

286 2576 395 2628 cheren
452 2590 648 2655 maturitate
669 2588 706 2652 in
730 2588 979 2654 delectationem
1006 2593 1185 2676 raperetur,
1208 2587 1296 2675 quod
1320 2608 1388 2653 non
1414 2587 1508 2653 fran-

453 2698 586 2780 geretur
607 2691 786 2779 pueriliter,
810 2712 870 2756 nec
892 2690 1098 2756 muliebriter
1120 2691 1312 2772 molliretur,
1332 2712 1393 2757 nec
1416 2691 1509 2776 quod

451 2796 601 2861 ruditate
632 2799 747 2860 cantus
785 2793 1030 2874 inhorresceret,
1062 2815 1122 2860 nec
1159 2795 1267 2881 rigore
1304 2798 1509 2881 angeretur3

451 2900 511 2965 sed
538 2894 595 2964 ut⁵
621 2897 717 2986 vigor
742 2895 924 2962 harmoniae
954 2901 1169 2984 permoveret,
1196 2901 1231 2962 et
1260 2896 1407 2963 suavitas
1437 2895 1508 2962 sin·

454 3025 529 3068 cera
561 3001 745 3067 delectaret.
803 3000 883 3067 Non
920 3000 1008 3065 enim
1045 3004 1191 3065 sanctam
1228 2998 1375 3065 fidelium
1404 2998 1511 3066 devo·

456 3105 580 3168 tionem
602 3104 695 3169 decet
717 3102 826 3169 mollis
849 3107 884 3168 et
902 3102 1024 3168 lasciva
1047 3101 1218 3180 sonoritas,
1241 3123 1302 3168 nec
1321 3101 1510 3170 rusticanus

454 3205 589 3292 clangor
627 3206 787 3270 silvestris
824 3206 1010 3292 competit;
1048 3205 1105 3270 sed
1142 3205 1312 3271 moderata
1341 3204 1392 3269 vis
1423 3206 1509 3284 soni,

453 3329 526 3391 queo
558 3311 593 3371 et
622 3328 717 3372 aures
747 3307 897 3390 mulceat,
927 3311 962 3373 et
992 3310 1136 3373 mentem
1171 3307 1297 3373 dulcius
1327 3306 1434 3394 erigat
1462 3308 1508 3373 ad

452 3430 603 3494 superna.
666 3409 736 3475 Nec
766 3409 895 3489 mirum,
927 3431 1001 3475 rum
1036 3408 1224 3495 hujusmodi
1254 3409 1419 3475 contraria
1448 3430 1508 3475 ex-

453 3516 560 3576 trema
591 3516 705 3576 eontra
735 3517 889 3577 naturam
919 3511 1062 3578 hominis
1086 3511 1288 3599 judicantur.
1341 3507 1508 3593 Quoniam

453 3613 613 3680 Boetius⁰
647 3615 727 3681 dicit
757 3615 841 3679 nihil
872 3621 942 3681 tam
965 3615 1133 3702 proprium
1166 3615 1368 3681 humanitati
1405 3626 1508 3700 qu'em

452 3720 578 3786 remitti
609 3718 760 3783 dulcibus
789 3718 904 3797 modis,
936 3718 1138 3805 astringique
1175 3717 1354 3784 contrariis
1414 3717 1505 3784 Nam

450 3826 589 3902 animae,
632 3829 672 3888 ut
713 3821 822 3897 infert,
857 3820 1043 3886 lasciviores
1088 3820 1202 3886 modos
1240 3842 1325 3907 saepe
1366 3819 1507 3886 audiens

452 3927 630 4006 emollitur,
654 3922 873 4011 asperioribus
899 3928 1090 4010 asperatum
1113 3927 1148 3988 et
1170 3922 1243 3988 ideo
1266 3919 1383 3988 Plato⁷
1410 3943 1506 3987 max·

452 4032 517 4095 ime
549 4030 731 4095 cavendum
762 4023 933 4091 existimat
966 4048 1007 4090 ne
1038 4026 1079 4090 de
1104 4026 1188 4092 bene
1221 4030 1351 4091 morata
1379 4025 1506 4090 musica

451 4134 580 4219 aliquid
601 4134 813 4218 permutetur.
860 4128 972 4215 Negat
992 4127 1079 4194 enim
1101 4127 1202 4193 ullam
1224 4133 1355 4194 tantam
1375 4148 1505 4193 morum

1213 4320 1475 4329 ψ...-

487 4443 493 4478 ¹
506 4443 637 4512 accedunt]
655 4444 781 4507 recidunt,
793 4445 823 4496 T.
1036 4447 1046 4477 ³
1058 4448 1097 4515 ert]
1111 4460 1159 4496 om.
1173 4444 1203 4498 T.

487 4527 573 4592 2τιιησ]
593 4542 641 4576 om.
654 4527 685 4576 Τ.
1035 4529 1045 4556 ⁸
1056 4527 1173 4592 Badtina]
1193 4526 1234 4576 De
1246 4525 1353 4588 Musica,
1364 4523 1380 4575 i.
1392 4527 1417 4576 2.

485 4606 623 4671 'Bottiuq
643 4606 684 4655 De
695 4604 801 4669 Musica,
813 4606 829 4656 l.
843 4612 866 4658 2.
1035 4604 1141 4672 'Pluto]
1155 4606 1194 4656 De
1205 4602 1397 4671 Republimiii.
1409 4619 1433 4669 p.
1444 4607 1502 4665 898,

485 4685 608 4750 *dictem
628 4694 794 4751 nuncupetur,
807 4687 838 4737 B.
1001 4703 1037 4753 sq.
