3586 5640
394 808 397 815 -
444 769 510 835 408
548 797 552 806 ·
820 780 949 830 acuatu
971 778 1118 831 sicoris
1416 771 1506 850 [cnr.

448 958 594 1036 virtute;
624 956 681 1021 sed
714 961 794 1020 tunc
818 956 925 1021 Deum
959 956 1067 1042 ipsum
1099 955 1235 1034 videret,
1258 957 1293 1018 et
1326 976 1438 1019 causas
1470 959 1506 1020 et

450 1060 595 1126 rationes
632 1079 742 1124 rerum
776 1063 811 1122 et
844 1057 1056 1122 scientiarum
1087 1057 1124 1121 in
1158 1079 1195 1122 eo
1230 1056 1393 1135 yeraciter
1430 1079 1506 1122 con-

450 1162 686 1247 templaretur;
709 1159 795 1225 sicut
816 1160 891 1225 vult
914 1161 1030 1225 beatus
1052 1159 1260 1246 Augustinus
1281 1158 1366 1224 libro
1388 1165 1506 1224 octavo

452 1263 504 1328 De
528 1263 673 1328 Civitate
697 1260 782 1341 Dei,¹
806 1261 920 1327 etalii
943 1261 1202 1348 praeteripsum.

284 1388 430 1439 summu
498 1364 604 1431 Omne
630 1364 718 1429 enirn
744 1368 912 1450 peccatum
942 1363 1080 1429 mortale
1113 1370 1164 1430 est
1195 1384 1238 1430 ex
1268 1385 1329 1429 sua
1361 1361 1506 1450 proprie-

284 1454 324 1506 sin
333 1455 375 1506 the

285 1529 393 1651 tt‘t‘d

286 1661 356 1704 ment
366 1663 393 1704 to

286 1719 397 1772 eisdem.

454 1472 525 1532 tate
548 1466 749 1532 contrarium
779 1465 958 1552 sapientire.
1006 1465 1096 1530 Nam
1118 1467 1277 1552 superbus
1299 1487 1367 1530 non
1389 1463 1506 1549 digna

454 1573 512 1634 tur
533 1590 625 1633 suam
648 1567 796 1633 confiteri
819 1567 1048 1654 ignorantiam,
1072 1589 1133 1633 nec
1162 1589 1196 1632 se
1227 1566 1400 1654 humiliare
1423 1565 1506 1645 aliis,

455 1671 543 1757 quod
567 1674 696 1755 oportet
718 1669 790 1733 fieri
806 1668 842 1732 in
857 1667 1024 1756 discipulo.
1064 1667 1151 1748 Quia
1176 1691 1315 1756 praesse
1331 1669 1507 1747 desiderat,

455 1773 496 1837 fit
518 1773 649 1837 odiosus
672 1770 833 1849 omnibus,
857 1791 917 1836 nec
940 1770 1099 1856 recipitur
1128 1771 1164 1834 in
1188 1769 1331 1857 gratiam
1355 1770 1505 1835 aliorum.

456 1874 521 1940 Sed
545 1874 642 1939 homo
669 1894 726 1959 per
748 1894 782 1937 se
805 1892 873 1936 non
897 1875 1007 1957 potest
1030 1872 1185 1958 proficere
1211 1893 1231 1935 a
1258 1871 1447 1956 juventute,
1473 1875 1509 1935 et

453 1976 528 2041 ideo
551 1997 625 2041 cum
648 1974 722 2039 aliis
744 1972 916 2059 displiceat
938 1995 997 2039 nec
1021 1979 1131 2060 potest
1156 1973 1192 2038 in
1215 1973 1327 2038 studio
1353 1972 1508 2060 proficere

453 2077 521 2143 ullo
552 2077 656 2143 modo.
702 2075 748 2140 Et
779 2075 964 2161 specialiter
995 2074 1135 2161 impedit
1165 2075 1325 2161 superbia,
1349 2076 1427 2160 quic
1452 2096 1506 2140 su·

454 2182 574 2266 perbus
604 2177 741 2264 despicit
778 2177 866 2254 alios,
899 2187 934 2241 et
966 2175 1105 2241 aliorum
1137 2175 1296 2256 scientias,
1330 2182 1366 2241 et
1397 2176 1509 2242 omnia

453 2283 607 2369 reprobat
629 2302 703 2366 quae
726 2279 864 2364 ignorat
912 2277 1051 2363 Invidus
1072 2277 1225 2344 similiter
1244 2277 1303 2364 qui
1322 2277 1403 2343 alios
1426 2277 1508 2358 odit,

453 2389 489 2448 et
519 2384 609 2448 dolet
640 2382 681 2446 de
714 2380 862 2444 utilitate
897 2379 1048 2465 proximi,
1081 2381 1260 2446 necessario
1294 2385 1345 2446 est
1377 2380 1509 2446 odiosus

453 2483 547 2564 aliis;
577 2488 613 2548 et
635 2482 709 2547 ideo
731 2503 791 2546 nec
813 2481 1033 2546 communicat
1055 2481 1136 2558 aliis,
1160 2503 1221 2547 nec
1243 2481 1301 2546 alii
1327 2482 1508 2547 communi-

454 2589 532 2650 cant
558 2585 598 2664 ei,
622 2587 756 2670 propter
786 2581 874 2668 quod
905 2582 1060 2670 proficere
1091 2605 1160 2648 non
1192 2588 1311 2670 potest,
1345 2585 1509 2672 praecipue

454 2709 528 2753 cum
551 2687 624 2773 ipsa
644 2685 771 2750 invidia
793 2706 835 2748 ex
858 2706 918 2749 sua
937 2685 1138 2770 proprietate
1155 2685 1236 2751 facit
1253 2685 1400 2751 animum
1421 2708 1509 2750 mar-

454 2811 584 2868 cescere,
610 2793 645 2855 et
674 2787 846 2868 tabescere,
878 2793 914 2852 et
936 2788 1106 2874 putrefieri
1136 2786 1359 2874 spiritualiter,
1388 2793 1423 2855 et
1451 2789 1508 2854 de·

454 2893 549 2958 ficere
583 2892 620 2957 in
656 2913 691 2957 se
728 2889 826 2977 ipso;
863 2893 897 2954 et
934 2888 1008 2954 ideo
1045 2889 1132 2954 vires
1162 2910 1231 2954 non
1263 2888 1366 2955 habet
1397 2889 1510 2956 anima

455 2995 628 3074 invidiosa,
651 3015 711 3058 nec
742 2997 852 3078 potest
874 2990 917 3055 ad
949 2990 1052 3055 ardua
1085 3012 1185 3078 opera
1215 2991 1386 3078 sapientiae
1412 3013 1509 3078 pene·

456 3103 553 3163 trare.
601 3095 825 3181 Similiterque
856 3093 941 3159 sicut
963 3093 1102 3179 superbo
1135 3114 1203 3158 non
1232 3093 1364 3180 placent
1393 3094 1509 3172 aliena,

456 3200 513 3265 sed
545 3199 597 3263 his
623 3197 779 3276 detrahit,
805 3201 840 3261 et
869 3196 1023 3281 reprobat
1053 3216 1093 3259 ea
1122 3200 1412 3283 quantumcunque
1441 3196 1512 3261 sint

456 3301 656 3387 dignissima,
688 3303 821 3384 propter
856 3298 944 3384 quod
981 3296 1115 3361 invidus
1145 3318 1188 3362 ex
1222 3319 1281 3362 sua
1309 3299 1510 3385 proprietate

457 3422 684 3488 quamcunque
707 3399 903 3486 sapientiam
935 3398 971 3462 in
1001 3398 1076 3462 aliis
1106 3398 1245 3483 despicit
1271 3404 1306 3465 et
1336 3399 1510 3480 annihilat,

457 3509 492 3570 et
514 3504 587 3570 ideo
611 3501 740 3567 malitia
770 3523 829 3566 sua
856 3522 923 3564 non
955 3499 1119 3586 permittit
1142 3522 1217 3564 eum
1240 3501 1352 3566 lumen
1382 3502 1511 3588 sapien-

457 3609 515 3674 tiae
537 3606 686 3691 reoiperc,
711 3604 768 3668 sed
790 3601 996 3688 blasphemat
1023 3601 1134 3666 omnia
1159 3625 1233 3688 quae
1256 3603 1398 3690 ignorat.
1444 3604 1511 3670 Sed

457 3710 509 3776 ira
531 3708 726 3774 furiosorum
753 3705 862 3770 brevis
892 3710 950 3780 est,
974 3709 1014 3768 ut
1039 3704 1088 3768 ait
1117 3709 1225 3789 poeta,
1250 3727 1323 3790 quae
1353 3727 1427 3770 cum
1450 3707 1511 3772 fiat

457 3810 662 3898 frequentius
684 3808 826 3873 vertitur
848 3806 884 3870 in
910 3806 1040 3887 furiam,
1063 3811 1097 3871 et
1119 3806 1343 3888 continuatur,
1366 3814 1401 3873 et
1426 3809 1510 3873 mul·

459 3915 630 4002 tiplicatur
652 3911 760 3998 passio
782 3907 869 3974 mala
894 3907 931 3972 in
955 3909 1074 3987 anima,
1100 3930 1174 3993 quae
1202 3914 1253 3974 est
1277 3911 1411 3992 omnino
1435 3932 1511 3976 con-

459 4018 562 4083 traria
590 4014 721 4080 rationi.
768 4011 868 4078 Unde
894 4016 1093 4097 pracceptum
1119 4011 1183 4075 fuit
1208 4034 1229 4075 a
1253 4011 1399 4093 Platone,
1422 4013 1511 4099 quod

459 4119 636 4187 iracundus
669 4138 737 4181 non
776 4115 836 4179 fiat
873 4113 1052 4200 discipulus
1088 4113 1268 4199 sapientiae,
1307 4136 1367 4180 nec
1399 4115 1511 4181 studio

460 4222 531 4306 ejus
568 4224 672 4300 vacet,
707 4217 860 4303 quoniam
897 4217 1051 4303 proficere
1087 4237 1155 4281 non
1192 4221 1309 4302 potest,
1347 4239 1385 4283 eo
1423 4217 1511 4303 quod

461 4322 608 4386 animum
644 4341 770 4406 semper
811 4319 912 4384 habet
948 4319 1128 4397 turbatum,
1160 4340 1220 4384 nec
1248 4324 1358 4406 potest
1387 4320 1512 4406 aliquid

809 4649 816 4681 ¹
828 4649 871 4703 De
885 4650 992 4702 Ciuitate
1002 4650 1067 4719 Der]
1081 4650 1133 4704 viii.
1146 4656 1168 4702 δε
