3586 5640
484 741 549 804 450
863 755 993 806 noannr
1016 753 1164 805 ulcorra
1451 739 1544 827 [aar.

531 927 625 993 Brito
648 928 781 1013 quidem
804 928 1052 1016 indignissimus
1074 929 1281 1008 auctorit—ate,
1306 928 1430 1016 pluries
1452 929 1545 996 redit

484 1031 520 1094 in
542 1031 664 1095 vitium
687 1031 728 1096 de
758 1054 823 1117 quo
849 1032 1060 1118 reprehendit
1082 1031 1314 1119 Hugutionem
1336 1037 1370 1097 et
1393 1031 1543 1118 Papiam.

486 1132 574 1197 Nam
596 1155 670 1198 oum
694 1133 775 1198 dicit
801 1135 889 1219 quod
912 1133 1070 1200 Gehenna
1100 1134 1222 1200 dieitur
1251 1157 1271 1199 a
1301 1155 1347 1219 pe,
1372 1133 1461 1219 quod
1490 1137 1545 1200 eet

484 1239 580 1314 terra,
605 1241 639 1301 et
669 1256 783 1315 anaor,
807 1235 894 1321 quod
924 1242 975 1302 est
1000 1235 1208 1324 profundum,
1241 1236 1423 1302 Hebraeum
1445 1257 1544 1301 voea-

484 1337 600 1402 bulum
631 1338 725 1404 docet
751 1338 830 1402 oriri
862 1359 904 1403 ex
939 1339 1052 1405 Graeco
1064 1363 1073 1419 ;
1105 1338 1183 1424 quia
1214 1359 1253 1424 pe
1280 1360 1340 1425 pro
1371 1342 1460 1404 terra
1489 1341 1544 1403 est

487 1439 647 1521 Graecum,
671 1445 706 1505 et
730 1439 885 1525 petrona
906 1446 958 1505 est
984 1440 1174 1507 Hebraeum.
1221 1440 1297 1506 Hoc
1332 1441 1421 1506 enim
1443 1461 1542 1505 vona—

483 1541 600 1607 bulum
632 1542 738 1628 primo
774 1541 928 1608 Salvator
966 1542 1114 1608 instituit
1151 1564 1210 1630 pro
1245 1563 1345 1630 poena
1377 1540 1542 1620 infernali,

484 1645 569 1708 sieut
602 1643 768 1710 Isidorus¹
803 1644 884 1709 dicit
917 1666 1015 1731 super
1047 1645 1255 1711 Matthaeum.
1312 1643 1379 1710 Sed
1411 1648 1543 1708 eonstat

484 1744 690 1811 Salvatorem
712 1747 884 1832 loquutum
906 1746 1006 1812 fuisse
1030 1746 1203 1814 Hebraiee.
1260 1745 1306 1811 Et
1328 1745 1542 1812 manifestum

482 1853 533 1912 est
557 1847 619 1913 hoo
641 1871 683 1914 ex
712 1849 855 1914 nominis
885 1848 1097 1928 derivatione,
1121 1854 1283 1934 quantum
1315 1846 1543 1932 Hieronymus

484 1951 638 2029 ostendit,
674 1951 785 2017 dicens
822 1952 911 2037 quod
942 1951 1100 2016 Gehenna
1137 1950 1260 2016 dieitur
1296 1971 1318 2015 a
1347 1949 1540 2024 Gehennon,

483 2055 572 2140 quod
603 2058 653 2119 est
675 2055 771 2120 vallis
801 2055 945 2120 filiorum
968 2054 1089 2119 Ennon
1121 2053 1224 2139 juxta
1253 2052 1471 2130 Hierusalem,
1503 2051 1542 2115 in

483 2177 549 2242 qua
586 2157 672 2222 valle
710 2157 734 2222 J
736 2157 823 2223 udeei
860 2157 950 2222 idola
988 2156 1167 2222 coluerunt.
1214 2155 1261 2220 Et
1298 2154 1454 2240 Hugutio
1485 2152 1542 2219 hic

483 2265 667 2324 erratuum
692 2258 836 2337 Britone,
860 2281 935 2325 eum
958 2259 1193 2345 interpretetus
1215 2263 1266 2324 est
1285 2279 1325 2343 pe
1346 2262 1480 2335 terram,
1500 2259 1542 2321 ut

484 2361 646 2426 derivatio
670 2362 757 2426 sita
781 2361 902 2427 Graeoo.
948 2359 1016 2427 Sed
1037 2381 1106 2425 non
1128 2359 1234 2426 solum
1257 2360 1292 2423 in
1316 2359 1413 2424 modo
1434 2358 1541 2422 inter·

482 2462 636 2548 pretandi
668 2462 849 2527 Hebraeum
880 2483 939 2549 per
962 2462 1111 2530 Graeoam
1135 2463 1372 2528 derivationem
1403 2462 1541 2540 errant;

482 2563 540 2628 sed
572 2565 608 2628 in
645 2568 719 2629 tota
755 2564 1041 2650 interpretatione.
1089 2565 1178 2630 Nam
1216 2565 1270 2629 hic
1306 2584 1346 2649 pe
1381 2583 1451 2627 non
1488 2564 1541 2627 est

484 2665 637 2731 Graecum
659 2667 717 2731 sed
740 2665 933 2732 Hebraeum.
980 2666 1025 2733 Ge
1052 2666 1141 2732 enim
1172 2665 1333 2744 Graecum,
1355 2668 1446 2728 terra
1468 2667 1541 2743 est3

482 2790 521 2854 pe
552 2768 743 2847 Hebraeum‚
773 2768 869 2834 vallis
894 2772 952 2834 est.
999 2768 1101 2834 Unde
1136 2767 1319 2833 (lehennon
1357 2769 1408 2830 est
1443 2764 1542 2830 vallis

486 2870 677 2952 Gehennon,
716 2871 786 2936 sive
823 2870 969 2935 filiorum
992 2870 1147 2935 Hannon.
1193 2869 1239 2934 Et
1276 2868 1349 2934 ideo
1382 2867 1542 2933 Gehenna

485 2997 506 3039 a
541 2996 589 3060 pe,
617 2975 704 3061 quod
731 2978 794 3039 est
830 2973 935 3051 vallis,
959 2972 1136 3038 derivatur.
1183 2970 1268 3036 Cum
1306 2970 1407 3035 etiam
1444 2967 1540 3033 Brito

484 3077 566 3142 dicit
604 3101 678 3143 eum
717 3077 893 3142 Graecismo
931 3096 1036 3141 aanor
1057 3073 1258 3161 profundum
1281 3093 1359 3152 esse,
1382 3069 1540 3155 inhujus

483 3180 627 3243 nominis
650 3180 922 3266 interpretatione
944 3177 1029 3242 nihil
1056 3177 1145 3254 dicit,
1177 3175 1332 3261 quoniam
1362 3172 1452 3239 eadit
1481 3173 1540 3237 ibi.

486 3279 573 3357 Quia
596 3280 753 3345 Gehenna
784 3280 905 3345 dieitur
928 3303 949 3342 a
972 3279 1153 3344 Gehennon
1191 3298 1250 3364 per
1287 3275 1538 3341 similitudinem

483 3382 573 3444 vocis
597 3387 631 3446 et
654 3383 819 3459 orationis,
843 3381 1022 3446 seeundum
1056 3381 1143 3466 quod
1175 3381 1269 3445 dooet
1304 3378 1538 3464 Hieronymus

486 3482 650 3562 Quoniam
673 3484 764 3548 Deus
787 3483 940 3570 promisit
955 3484 1204 3548 multitudinem
1219 3481 1413 3547 Judaeorum
1435 3481 1540 3545 idola·

484 3590 612 3652 trorum
646 3587 683 3650 in
713 3586 772 3650 illa
803 3585 889 3650 valle
928 3585 1072 3649 filiorum
1108 3584 1253 3650 Hennon
1292 3584 1402 3661 occidi,
1426 3589 1460 3648 et
1490 3583 1539 3648 sio

480 3696 664 3775 peceatores
686 3688 825 3754 interfici
848 3688 883 3751 in
907 3687 1072 3753 Gehenna

527 3791 687 3856 Similiter
732 3790 818 3876 quod
863 3788 933 3876 ipse
972 3790 1075 3867 Brit0,
1119 3794 1153 3854 et
1199 3789 1360 3876 Hugutio,
1399 3793 1433 3855 et
1477 3787 1536 3851 ulii

481 3893 746 3980 grammaticellae
768 3891 881 3957 idiotae
912 3891 1035 3969 dieunt,
1067 3891 1156 3976 quod
1178 3891 1329 3957 arrabea
1360 3889 1537 3973 autquasi

481 4017 567 4061 arra
605 3996 700 4076 borea,
739 3999 779 4059 ut
823 4016 875 4059 res
920 4016 994 4079 quae
1032 3994 1131 4058 datur
1176 4016 1235 4079 pro
1281 3992 1442 4078 conjugio,
1480 3990 1537 4056 vel

479 4120 514 4162 re
541 4099 636 4177 bona,
672 4120 739 4162 non
773 4119 831 4183 pro
864 4096 960 4175 mala,
988 4095 1154 4160 horribilis
1184 4095 1310 4161 falsitas
1341 4101 1397 4160 eet
1443 4091 1533 4157 Nam

480 4201 631 4266 arrabea
653 4206 703 4265 est
726 4199 916 4277 Hebraeum,
940 4200 1025 4264 sicut
1062 4197 1203 4262 habetur
1227 4198 1364 4264 Genesis
1393 4195 1535 4262 xxxviii

482 4301 573 4387 [17.].
635 4301 701 4367 Sed
739 4301 921 4368 Hebraeum
958 4323 1025 4366 non
1063 4301 1233 4366 derivatur
1266 4324 1287 4365 a
1310 4301 1438 4381 Latine,
1473 4319 1534 4364 nee

476 4514 633 4520 -0-2—--0
644 4515 752 4522 ——-.
762 4515 1523 4524 —.-.———-—-....---—-—-——-———---

801 4651 808 4681 ¹
820 4649 944 4719 leuem]
963 4650 996 4703 Iu
1006 4650 1091 4718 Etym.
1103 4650 1156 4702 xiv.
1168 4656 1192 4704 9.
