3586 5640
308 782 359 869 u]
646 801 875 850 coursuomu
897 799 1020 851 eroon.
1291 788 1357 860 407

307 981 489 1044 excaecatur
530 976 671 1062 penitus,
710 977 759 1041 ita
795 975 883 1059 quod
920 975 1003 1038 nihil
1040 975 1211 1059 sapientiae
1248 981 1357 1060 potest

307 1080 428 1157 videre,
463 1080 520 1143 scd
552 1079 696 1144 aestimat
730 1078 911 1143 stultitiam
946 1098 1015 1141 esso
1047 1076 1250 1162 sapientiam.
1295 1077 1361 1143 Vo-

307 1183 417 1248 luntas
440 1182 639 1268 depravatur
660 1185 700 1247 ut
721 1180 804 1246 velit
836 1185 870 1245 et
893 1178 1013 1264 diligat
1042 1200 1184 1245 errorem
1207 1179 1360 1246 stultitiae

307 1290 341 1349 et
364 1285 455 1349 odiat
477 1284 684 1370 sapientiam.
731 1281 911 1347 Irescibilis
926 1285 1105 1346 enervatur
1120 1285 1160 1346 ut
1175 1300 1242 1346 non
1257 1281 1361 1367 possit

307 1388 434 1472 operari
465 1386 644 1452 secundum
676 1385 882 1471 sapientiam,
906 1384 963 1448 sed
998 1383 1141 1449 declinat
1170 1383 1207 1449 in
1230 1405 1359 1449 omnem

307 1488 493 1564 stultitiam,
524 1489 573 1553 ita
606 1488 694 1573 quod
725 1487 790 1552 nisi
821 1490 906 1552 esset
937 1485 1158 1552 misericordia
1190 1485 1255 1550 Dei
1286 1509 1360 1572 quae

307 1590 441 1676 mitigat
463 1591 521 1654 has
543 1590 767 1676 corruptiones
789 1590 826 1653 in
848 1589 910 1654 hac
931 1588 1013 1668 vito,
1032 1588 1118 1655 siout
1139 1587 1248 1674 placet
1270 1588 1308 1665 ei,
1325 1595 1360 1654 et

308 1693 439 1777 quando
461 1691 575 1778 placet,
599 1693 691 1758 etin
721 1692 848 1777 quibus,
871 1696 979 1757 essent
1008 1691 1141 1756 omnino
1172 1691 1359 1776 adimpleta

307 1794 518 1859 infemslitsr.
579 1795 666 1874 Quia
702 1794 924 1860 misericordia
961 1793 1025 1858 Dei
1063 1798 1123 1869 est,
1158 1793 1247 1878 quod
1291 1814 1359 1859 non

306 1918 417 1962 eunius
433 1898 618 1983 consumpti
637 1899 673 1961 in
692 1896 828 1976 inferno,
845 1900 1019 1982 postquam
1040 1897 1153 1960 taliter
1172 1917 1358 1981 peccamus;

307 2021 344 2063 eo
367 1999 454 2083 quod
472 2000 566 2085 justa
587 2021 686 2084 poena
708 2019 767 2084 pro
782 2003 915 2085 peccato
937 2019 1005 2063 non
1027 2002 1078 2063 est
1100 1998 1165 2062 nisi
1188 1997 1359 2064 damnatio

305 2100 480 2165 infernalis.
527 2101 666 2180 Quando
687 2101 791 2185 igitur
810 2100 950 2185 quilibet
972 2123 993 2164 a
1010 2099 1190 2185 juventute
1212 2099 1301 2165 cadit
1322 2099 1359 2165 in

307 2203 413 2268 multa
435 2208 566 2288 peccata
588 2203 750 2284 mortalia,
772 2203 992 2288 corrumpitur
1025 2202 1095 2288 ejus
1126 2203 1238 2267 anima
1270 2224 1359 2268 nova

307 2306 516 2390 corruptione
549 2311 669 2390 praeter
700 2305 792 2369 illam
830 2327 929 2390 quam
967 2304 1086 2371 habuit
1125 2326 1167 2370 ex
1203 2305 1357 2391 originali

307 2413 461 2492 peccat03
499 2413 533 2472 et
563 2407 608 2472 sic
630 2407 732 2472 habet
754 2408 790 2471 in
813 2429 847 2472 se
870 2429 984 2472 causas
1006 2407 1219 2472 multimodas
1244 2407 1357 2494 depra-

306 2509 450 2574 vationis
472 2509 622 2586 infinitae,
645 2514 685 2575 ut
715 2510 828 2576 lumen
859 2510 1029 2596 sapientiae
1060 2531 1128 2576 non
1154 2509 1276 2587 videat,
1299 2531 1358 2576 noo

306 2612 388 2676 velit
410 2610 531 2691 videre,
554 2634 614 2677 nec
636 2613 739 2698 possit
760 2613 825 2677 nisi
847 2635 905 2699 per
930 2613 1073 2698 gratiam
1096 2613 1169 2693 Dei,
1193 2634 1267 2697 quae
1290 2634 1357 2677 non

306 2715 405 2779 datur
442 2713 587 2791 cuilibet,
625 2715 683 2779 sed
720 2715 899 2780 secundum
950 2715 1074 2781 divinae
1115 2714 1357 2800 beneplacitum

307 2817 496 2882 voluntatis.
544 2817 589 2880 Et
612 2823 747 2902 propter
761 2817 823 2882 hoc
838 2817 921 2881 dicit
944 2813 1136 2902 Scriptura,¹
1163 2826 1180 2852 “
1193 2816 1236 2880 In
1258 2816 1358 2882 malo·

306 2927 324 2956 “
346 2921 457 2985 volam
479 2918 626 2984 animam
648 2940 716 2984 non
738 2918 894 2983 introibit
916 2918 1087 3004 sapientia,
1110 2939 1169 2983 neo
1191 2919 1358 2984 habitabit

306 3027 323 3057 “
346 3022 382 3085 in
405 3043 537 3108 corpore
559 3020 695 3086 subdito
717 3017 885 3105 peccatis.'’
927 3019 998 3083 Nec
1012 3022 1145 3082 tanturn
1160 3018 1221 3083 hoo
1236 3017 1358 3082 intolli-

304 3124 448 3207 gendum
478 3128 530 3187 est
561 3123 602 3187 de
633 3122 797 3208 sapientia
829 3120 952 3199 divina,
987 3119 1044 3184 sed
1078 3119 1120 3184 de
1154 3141 1355 3205 quacunque.

306 3225 470 3302 Quoniam
494 3223 650 3309 Algazel⁹
674 3224 756 3288 dicit
777 3223 814 3286 in
836 3222 957 3308 Logioa
989 3220 1078 3307 quod
1110 3223 1223 3287 anima
1244 3223 1359 3289 detur·

306 3334 385 3413 pata
407 3329 547 3414 peccatis
570 3334 620 3394 est
642 3329 728 3393 sicut
750 3328 917 3415 speculum
942 3329 1168 3415 rubiginosum
1199 3335 1234 3396 et
1260 3335 1358 3396 vetus

307 3436 342 3495 et
376 3431 591 3511 immundum,
614 3431 652 3496 in
685 3452 749 3515 quo
783 3452 851 3496 non
883 3436 1022 3517 possunt
1055 3454 1164 3497 rerum
1195 3433 1357 3519 imagines

306 3553 471 3618 apparere,
502 3537 537 3596 et
566 3533 639 3597 ideo
672 3554 733 3598 1111
762 3533 798 3597 in
826 3533 939 3598 anima
969 3532 1030 3598 tali
1060 3539 1171 3620 potest
1201 3535 1273 3600 fieri
1296 3536 1358 3600 im·

306 3634 430 3721 pressio
462 3633 688 3719 cujuscimque.
758 3635 803 3699 Et
845 3633 940 3700 addit
974 3636 1062 3720 quod
1095 3636 1209 3700 anima
1240 3640 1357 3702 ornata

306 3737 432 3801 virtuto
455 3740 506 3800 est
532 3737 617 3801 sicut
642 3736 808 3822 speculum
836 3737 996 3802 mundum
1019 3742 1054 3802 et
1075 3760 1207 3815 novum,
1231 3738 1268 3802 in
1292 3759 1357 3824 quo

306 3839 427 3926 species
448 3859 558 3903 rerum
585 3838 708 3924 optime
741 3845 907 3926 apparent.
954 3840 1053 3905 Unde
1084 3841 1122 3905 in
1154 3840 1217 3905 tali
1245 3840 1358 3906 anima

305 3942 413 4028 fulgor
436 3940 607 4027 sapientise
628 3941 807 4021 relucescit,
824 3947 957 4028 propter
979 3944 1067 4028 quod
1091 3943 1241 4009 Socrates
1263 3950 1358 4031 pater

304 4044 581 4131 philosophorum,
605 4064 680 4108 cum
714 4049 914 4128 quaereretur
947 4045 1060 4126 abeo,
1087 4067 1186 4130 quare
1209 4069 1276 4111 non
1298 4069 1356 4112 vo·

304 4147 368 4212 luit
390 4147 427 4210 in
449 4146 620 4232 primitivo
652 4150 800 4232 tempore
830 4145 963 4212 studere
984 4145 1021 4211 in
1043 4147 1189 4214 scientiis
1212 4149 1357 4236 specula·

305 4249 394 4330 tivis,
418 4248 476 4313 sed
497 4253 631 4316 tantum
654 4249 691 4314 in
712 4249 898 4331 moralibus,
913 4249 963 4316 ait
985 4270 1019 4315 ee
1041 4271 1109 4317 non
1130 4273 1223 4338 posse
1244 4253 1357 4319 lumen

306 4351 477 4437 sapientiae
508 4353 681 4438 percipere,
720 4352 784 4417 nisi
821 4353 934 4418 anima
967 4352 1037 4439 ejus
1072 4353 1188 4421 fuisset
1224 4356 1357 4422 exculta

342 4683 348 4715 ¹
363 4680 507 4751 Scriptura]
522 4682 578 4749 Sep.
589 4683 606 4734 i.
618 4689 641 4735 b
823 4682 828 4753 Ι
890 4683 1023 4755 11111111]
1037 4701 1090 4754 cap.
1102 4687 1129 4739 ib
