3586 5640
306 773 401 862 xrra]
705 794 792 847 orus
814 797 973 848 ramnus
1320 788 1364 853 45

305 967 458 1056 magioas,
481 973 521 1034 ut
552 969 668 1036 doeeat
689 989 745 1036 eas
775 971 971 1057 reprobare;
993 980 1041 1052 ut,
1065 974 1240 1060 reprobata
1271 975 1362 1040 omni

305 1070 458 1151 falsitate,
481 1070 552 1137 sola
573 1072 695 1139 veritas
727 1073 808 1139 artis
846 1081 881 1139 et
912 1073 1057 1142 ιιιιιιιιιιι1
1090 1082 1249 1143 teneatur.
1296 1077 1363 1144 Sed

305 1173 374 1239 hsee
402 1193 472 1238 non
502 1174 658 1262 reprobat
688 1174 772 1241 falsa
803 1197 877 1263 quae
908 1176 1048 1264 ignorat,
1084 1199 1144 1244 neo
1178 1202 1256 1245 veru
1287 1202 1361 1245 eum

304 1275 402 1354 falsis,
440 1275 527 1342 siout
563 1277 692 1344 faciunt
728 1277 796 1344 sere
833 1278 970 1344 omnes.⁸
1015 1279 1061 1345 Et
1096 1279 1296 1346 Gratianus⁸
1326 1288 1362 1347 et

304 1377 402 1443 multi
433 1377 544 1444 minus
574 1379 659 1446 bene
691 1377 851 1446 dixerunt
885 1381 921 1446 in
954 1382 1015 1447 hao
1046 1388 1150 1469 parte,
1183 1384 1263 1469 quio
1293 1405 1361 1449 non

305 1479 417 1546 omnia
432 1485 513 1546 sunt
534 1481 663 1568 magica
684 1503 758 1569 quse
780 1482 844 1570 ipsi
867 1483 986 1550 dooent
1008 1483 1185 1571 reprobari,
1202 1492 1237 1550 et
1252 1508 1361 1572 repro

304 1581 388 1648 bant
408 1581 492 1648 falsa
513 1605 588 1670 qure
614 1583 820 1670 ignorabant.
880 1584 967 1651 sed⁴
989 1586 1097 1666 homo,
1124 1587 1181 1673 qni
1208 1588 1362 1673 reprobat

306 1684 441 1771 aliquid,
466 1685 566 1752 debet
587 1685 669 1751 seire
703 1686 774 1772 ejus
805 1687 1020 1768 conditiones,
1043 1689 1145 1756 etsie
1167 1689 1287 1754 falsum
1310 1711 1360 1754 ro·

304 1787 451 1872 probare,
475 1792 514 1853 ut
534 1786 660 1854 veritae
681 1809 809 1876 semper
831 1796 965 1856 maneat
987 1790 1098 1857 illaesa

350 1888 417 1955 Sed
453 1888 553 1977 hujus
589 1889 829 1977 reprobationis
867 1891 1054 1960 indiscretae
1095 1898 1174 1960 sunt
1216 1894 1360 1979 quinque

304 2012 420 2071 oausae,
454 2013 537 2078 ques
569 1992 735 2080 assignavi
765 1993 802 2058 in
831 1993 897 2059 fine
931 1994 1048 2081 primm
1081 1995 1186 2083 partis
1224 1995 1361 2081 Majoris

305 2089 446 2180 Operis,⁸
474 2094 533 2161 ubi
568 2094 697 2161 declaro
733 2096 896 2182 quomodo
934 2097 1040 2162 saneti
1074 2098 1289 2184 neglexerunt
1326 2104 1361 2162 et

305 2196 412 2261 multa
441 2218 515 2283 qum
545 2196 643 2262 modo
673 2204 753 2263 sunt
784 2197 820 2262 in
843 2220 915 2277 usu,
946 2204 982 2263 et
1011 2199 1077 2264 alia
1106 2221 1181 2285 quae
1203 2200 1360 2265 deberent

304 2319 374 2363 esse
406 2298 504 2386 longe
536 2299 649 2387 magis
695 2298 747 2365 De
781 2300 847 2365 ista
879 2300 1017 2366 seientia
1050 2302 1156 2366 multa
1187 2307 1289 2388 tango
1324 2301 1360 2366 in

304 2405 398 2486 parte
431 2407 545 2482 sexta;
577 2401 635 2467 sed
666 2401 791 2488 ubique
823 2402 947 2468 relucet
976 2401 1047 2488 ejus
1078 2408 1224 2490 potestas
1254 2411 1289 2469 et
1323 2403 1359 2467 in

305 2501 508 2568 astronomia
538 2508 574 2568 et
606 2503 642 2568 in
676 2504 837 2569 omnibus.
893 2503 982 2570 Nam
1019 2505 1106 2572 sieut
1142 2507 1239 2572 navis
1272 2527 1358 2572 com·

305 2605 427 2690 positio
456 2605 601 2692 pertinet
629 2605 672 2670 ad
702 2611 972 2694 earpentatorem,
1004 2613 1039 2674 et
1068 2629 1147 2674 usus
1184 2609 1227 2674 ad
1265 2607 1359 2673 navi·

304 2712 461 2793 gatorem,
493 2706 539 2773 sio
568 2710 620 2772 est
650 2706 704 2773 hie
737 2707 778 2773 de
810 2709 962 2774 omnibus
994 2709 1176 2796 magnificis
1206 2710 1358 2796 operibus

305 2800 483 2896 sapientiae'.
551 2807 673 2874 Omnia
710 2809 799 2874 enim
837 2809 1012 2897 magnifiee
1048 2811 1092 2875 ad
1129 2833 1226 2877 usum
1259 2813 1358 2897 hujus

303 2911 449 2978 scientim
470 2910 647 2999 pertinent,
673 2910 752 2977 boet
781 2916 982 2997 praeparetur
1011 2912 1158 2997 operatio
1179 2913 1357 2978 multorum

304 3037 363 3102 per
399 3015 481 3080 alias
518 3013 679 3080 scientias.
741 3012 845 3078 Verbi
882 3013 1010 3098 gratia:
1049 3013 1154 3078 faeere
1191 3015 1356 3099 speculum

304 3116 496 3183 eomburens
526 3116 669 3203 pertinet
698 3115 741 3181 ad
767 3115 991 3203 geometriam,
1019 3115 1097 3201 quia
1122 3114 1276 3202 figuratio
1302 3117 1357 3181 de·

305 3219 483 3284 terminata
503 3216 684 3304 requiritur
696 3241 705 3297 ;
737 3218 794 3282 sed
816 3217 997 3304 geometria
1019 3239 1086 3282 non
1108 3217 1275 3305 excogitat
1298 3217 1359 3284 hoo

306 3341 387 3408 opus
410 3319 570 3399 mirabile,
594 3341 654 3385 nee
676 3341 772 3384 usum
795 3319 875 3405 ejus,
898 3319 955 3385 sed
983 3320 1271 3407 experimentator,
1300 3321 1358 3408 qui

305 3423 380 3489 vult
405 3443 500 3489 omne
530 3419 761 3488 combustibile
790 3421 980 3488 eomburere
1009 3444 1068 3509 per
1097 3423 1159 3490 hoe
1190 3424 1356 3512 speculum

306 3525 348 3590 ad
379 3524 488 3592 radios
521 3522 609 3602 solis,
645 3528 680 3589 et
713 3523 749 3587 in
783 3523 873 3589 omni
907 3524 1066 3590 distantia
1097 3547 1164 3612 qua
1204 3526 1356 3592 voluerit

306 3628 352 3694 Et
380 3627 455 3695 ideo
488 3647 647 3715 magnum
676 3624 853 3691 artificium
884 3632 936 3691 est
964 3624 1036 3691 hie⁶
1065 3629 1153 3712 quod
1184 3627 1272 3693 solus
1301 3650 1359 3692 ex-

305 3729 540 3816 perimentator
571 3727 677 3793 fidelis
710 3727 807 3792 novit
839 3727 1035 3814 exoogitare,
1066 3728 1123 3792 sed
1154 3735 1266 3794 tamen
1297 3728 1358 3793 im-

305 3834 399 3918 perat
418 3827 622 3918 geometriae⁷
645 3834 684 3895 ut
714 3849 831 3915 eorpus
852 3827 1018 3914 speculare
1041 3836 1203 3915 praeparet
1217 3835 1253 3895 et
1274 3830 1358 3916 figu-

304 3938 376 4011 ret;
406 3937 441 3999 et
466 3932 541 3998 ideo
564 3936 725 4019 quantum
751 3930 795 3996 ad
817 3952 913 3995 usum
936 3928 1133 3995 attribuitur
1155 3932 1359 4019 experimen·

304 4034 415 4115 tutori,
442 4039 605 4121 quantum
627 4035 670 4100 ad
693 4032 963 4122 oompositionem
985 4032 1181 4119 geometriae.

338 4356 465 4424 'natm
484 4356 612 4418 mmm
623 4354 653 4406 R
893 4355 1018 4424 ‘Ops-ir]
1049 4372 1097 4409 om
1117 4357 1252 4426 Τ.-Οριιι
1269 4361 1360 4427 Maius,

337 4438 456 4504 ’sactum
464 4438 524 4503 sm
537 4435 628 4501 mes]
648 4435 699 4485 fere
710 4446 804 4494 omnes,v
860 4450 883 4499 p.
903 4440 942 4487 19.

304 4516 345 4580 T..
361 4516 435 4568 omits
444 4517 555 4582 saciant
893 4512 966 4581 ιΙιιέ]
985 4515 1046 4576 hae,
1063 4516 1094 4569 Τ.

339 4594 514 4661 ’θναιίαιιιιι]
533 4593 647 4659 gratiam,
658 4593 688 4645 B.
895 4593 1056 4662 ’Μίνω
1099 4605 1233 4663 geometra,
1268 4598 1299 4650 Τ.
1334 4606 1359 4651 et

337 4673 424 4742 ‘Suq
441 4689 492 4726 om.
508 4675 539 4726 B.
555 4673 588 4726 Τ.
861 4671 935 4724 infra
