3586 5640
452 753 516 816 326
828 762 957 811 acensi
979 760 1125 810 eiectus

284 942 432 996 Alexander
451 933 556 999 travit
588 931 738 997 ordinem
762 931 917 996 Fratrum
945 930 1113 996 Minorum
1145 928 1210 995 fuit
1234 928 1307 995 Deo
1337 931 1523 997 maximus

284 1009 412 1063 ΜΨ*
453 1035 566 1100 Minor
586 1056 655 1099 non
677 1032 783 1097 solum
809 1038 943 1119 propter
970 1055 1046 1099 suas
1078 1031 1280 1097 conditiones
1310 1030 1520 1113 laudabiles,

452 1138 508 1203 sed
545 1141 678 1223 propter
722 1135 792 1199 hoa
861 1134 978 1199 Novus
1023 1133 1088 1199 suit
1132 1133 1212 1199 ordo
1257 1132 1430 1199 Miuorum
1481 1140 1522 1201 ct

452 1240 621 1326 neglectus
652 1260 673 1301 a
694 1237 820 1301 mundo
851 1235 917 1301 illis
947 1235 1159 1323 temporibus,
1182 1239 1217 1300 et
1246 1234 1302 1301 ille
1324 1234 1521 1304 edificavit

453 1342 614 1407 mundum
635 1345 671 1405 et
694 1339 842 1404 ordinem
863 1339 1032 1404 exaltavit
1072 1338 1126 1402 Ex
1140 1358 1199 1403 suo
1214 1338 1362 1423 ingressu
1388 1338 1520 1407 frames

453 1449 489 1508 et
511 1443 570 1507 alii
592 1441 825 1506 exaltaverunt
847 1441 884 1505 in
906 1440 1034 1520 coelum,
1059 1445 1094 1504 ct
1122 1441 1153 1504 ei
1179 1439 1341 1504 dederunt
1362 1442 1520 1507 auctori·

453 1550 557 1610 tatem
603 1544 708 1608 totius
755 1542 867 1621 studii,
919 1547 953 1607 et
997 1542 1239 1628 adscripserunt
1282 1541 1313 1607 ei
1350 1562 1520 1630 magnam

454 1648 625 1712 Summam
648 1645 746 1721 illam,
771 1667 845 1728 quae
878 1649 928 1709 cst
950 1645 1124 1729 plusquam
1146 1643 1274 1729 pondus
1295 1642 1398 1709 unius
1421 1645 1518 1730 equi,

453 1770 552 1833 quam
591 1749 660 1833 ipse
698 1767 766 1811 non
803 1746 881 1811 iecit
918 1746 975 1810 sed
1013 1746 1078 1809 alii
1135 1743 1181 1810 llt
1219 1749 1334 1811 tamen
1370 1751 1520 1832 propter

452 1850 670 1915 reverentiam
701 1848 845 1933 ascripta
874 1848 950 1927 fuit,
983 1851 1017 1912 et
1051 1851 1188 1912 vocatur
1218 1846 1356 1913 Summa
1393 1847 1518 1915 fratris

454 1951 644 2017 Alexandri.
685 1949 732 2015 Et
754 1950 783 2014 si
797 1949 867 2035 ipse
890 1971 963 2013 eam
985 1946 1112 2014 fecisset
1127 1949 1181 2012 vel
1194 1969 1347 2034 magnam
1366 1954 1517 2034 partem,

453 2059 565 2118 tamn
586 2074 654 2116 non
676 2051 758 2136 legit
779 2051 946 2116 naturalia
966 2071 1025 2115 nee
1045 2050 1271 2136 metaphysica
1293 2071 1354 2115 nec
1375 2051 1520 2119 audivit

318 2236 323 2243 ι
453 2178 501 2234 ea,
519 2157 597 2240 quia
612 2176 679 2218 non
694 2153 830 2218 fuerunt
852 2153 930 2217 libri
945 2151 1139 2238 principales
1161 2152 1279 2217 hsmm
1293 2152 1518 2221 scientiarum

454 2279 514 2322 nec
536 2256 763 2322 commentarii
783 2255 937 2319 translati
960 2253 1093 2338 quando
1108 2254 1196 2320 rexit
1217 2254 1254 2319 in
1275 2253 1417 2321 artibus.
1467 2255 1518 2322 Et

454 2359 512 2421 diu
534 2363 648 2442 postea
670 2356 802 2421 fuerimt
819 2356 1095 2421 excommunicati
1117 2360 1152 2420 et
1174 2354 1323 2442 suspensi
1338 2352 1513 2437 Persian)

453 2457 512 2522 ubi
543 2459 612 2542 ipse
643 2456 782 2520 studuit.
829 2456 929 2522 Unde
951 2457 1051 2522 citius
1077 2456 1225 2523 ordinem
1248 2454 1391 2522 intravit
1414 2462 1517 2525 aute-

453 2579 553 2643 quam
575 2557 710 2621 fuerunt
732 2557 768 2619 hi
791 2556 869 2621 libri
892 2559 992 2623 semel
1015 2558 1157 2645 perlecti.
1194 2558 1292 2623 Istud
1313 2562 1436 2623 notum
1458 2567 1516 2627 est

454 2681 512 2746 per
539 2657 609 2744 ejus
640 2659 822 2743 ingressum
853 2659 889 2723 in
921 2661 1078 2740 ordinem,
1111 2665 1147 2724 et
1177 2681 1235 2746 per
1271 2660 1514 2746 dispersionem

452 2761 681 2827 universitatis
707 2759 899 2825 Parisiensis
923 2761 1095 2847 [parum];
1124 2782 1202 2826 nam
1224 2782 1328 2847 usque
1357 2762 1400 2827 sd
1430 2784 1513 2829 eum

452 2863 587 2929 fuerunt
608 2862 686 2927 libri
712 2861 881 2948 prohibiti,
910 2868 945 2928 et
972 2884 1076 2948 usque
1106 2884 1172 2948 quo
1201 2862 1302 2928 rediit
1333 2861 1515 2931 Universi·

453 2971 514 3044 tos,
538 2970 614 3053 post
636 2971 734 3051 quem
763 2964 908 3028 reditum
941 2963 1011 3049 ipse
1043 2965 1186 3029 intravit
1215 2965 1414 3052 religionem,
1435 2966 1513 3051 jam

453 3090 555 3133 senex
577 3072 611 3132 ct
641 3066 799 3152 magister
820 3065 857 3130 in
879 3065 1052 3151 theologia
1099 3065 1209 3146 Unde,
1225 3071 1265 3131 ut
1286 3067 1436 3132 breviter
1458 3068 1512 3134 di-

453 3191 534 3246 cam,
550 3169 619 3252 ipse
643 3167 810 3252 ignoravit
834 3166 891 3230 has
914 3166 1067 3231 scientiae
1090 3189 1178 3231 nune
1199 3168 1360 3254 vulgatae,
1383 3168 1513 3237 scilicet

453 3268 638 3333 naturalem
661 3267 900 3351 philosophiam
923 3273 957 3332 et
973 3268 1239 3355 metaphysicam,
1256 3269 1292 3333 iu
1314 3268 1435 3354 quihus
1458 3276 1512 3337 est

454 3373 527 3433 tota
559 3368 664 3453 gloria
698 3369 801 3431 studii
829 3369 1070 3434 modernorum.
1133 3369 1199 3434 Sed
1219 3369 1292 3435 sine
1313 3370 1379 3435 illis
1400 3370 1511 3458 logica

453 3469 530 3534 seiri
567 3490 635 3532 non
672 3473 856 3554 potestat
889 3476 983 3556 patet
1018 3471 1169 3536 omnibus
1206 3472 1265 3556 qui
1302 3472 1410 3537 sciunt
1448 3473 1512 3540 has

454 3570 618 3636 scientias.
695 3569 784 3635 Nam
815 3572 926 3637 decem
962 3573 1039 3637 libri
1077 3573 1312 3659 Metaphysicae
1349 3579 1427 3639 sunt
1467 3576 1511 3641 de

454 3673 577 3739 eisdem
609 3672 649 3737 de
680 3671 801 3756 quibus
835 3674 941 3760 logica
973 3679 1105 3740 tractat.
1151 3674 1197 3739 Et
1219 3673 1380 3741 naturalis
1401 3676 1512 3762 philo·

454 3777 570 3862 sophia
592 3776 629 3839 in
651 3773 763 3838 multis
786 3775 1005 3841 communicat
1027 3776 1151 3861 logicae,
1167 3782 1201 3841 et
1222 3777 1259 3841 in
1282 3776 1355 3841 aliis
1377 3782 1511 3847 contra

456 3878 538 3941 dicit
562 3876 746 3952 crudeliter,
771 3899 846 3960 quae
871 3877 1149 3942 contradictiones
1180 3879 1254 3943 sciri
1279 3899 1347 3943 non
1368 3888 1512 3964 possunt

459 3979 529 4044 sine
555 3979 668 4064 logica.
707 3978 754 4043 Et
788 3979 816 4041 si
851 3978 982 4063 quando
1006 3980 1187 4044 contendat
1220 3980 1261 4045 de
1292 3980 1339 4045 eis
1360 3980 1512 4049 scientiis

458 4081 494 4144 in
517 4080 578 4144 hac
609 4084 703 4165 parte
734 4080 871 4166 planum
894 4081 948 4145 vel
970 4080 1123 4144 omnibus
1153 4081 1314 4169 theologis
1335 4080 1435 4147 vilior
1456 4090 1513 4151 est

457 4179 617 4245 omnibus.
693 4181 739 4245 Et
778 4181 888 4265 plures
925 4180 1026 4245 hahet
1070 4181 1232 4248 falsitates
1268 4188 1304 4249 et
1340 4183 1513 4253 vanitates

456 4281 678 4366 philosophiae.
737 4281 839 4366 Oujus
861 4283 992 4369 signum
1015 4291 1066 4349 est
1089 4283 1177 4367 quod
1199 4285 1310 4351 nullus
1331 4285 1412 4353 facit
1433 4307 1511 4355 cam

612 4605 619 4634 ¹
633 4603 760 4671 Potitius]
781 4606 808 4656 in
819 4609 924 4660 modern
940 4608 1016 4669 hand,
1028 4617 1129 4677 tempore
1139 4610 1339 4676 maroam
