3586 5640
458 792 521 854 188
833 803 960 854 socru
984 802 1130 856 moeris
1412 788 1500 875 [car.

285 976 617 1042 memoratissimum
647 982 887 1044 sacramentum
926 977 1092 1043 Dcminici
1116 976 1276 1065 Corporis.
1323 976 1411 1042 Nam
1450 978 1505 1043 vel

284 1052 353 1094 ment
364 1047 394 1096 of

285 1109 390 1164 Christ's

284 1176 352 1244 body
362 1179 384 1231 is

285 1242 342 1293 thos
353 1260 397 1296 ex·

284 1307 388 1374 plained.

450 1078 629 1145 sublimata
651 1085 702 1146 est
723 1081 912 1145 humanitas
936 1079 1061 1146 Christi
1084 1101 1182 1167 super
1204 1101 1301 1146 omne
1324 1102 1392 1146 esse
1415 1102 1503 1145 crea-

450 1186 536 1248 turae
558 1182 601 1247 ad
625 1205 693 1248 esse
716 1183 874 1261 divinum,
899 1187 940 1248 ut
971 1183 1056 1248 sicut
1088 1183 1230 1249 essentia
1265 1183 1328 1248 Dei
1360 1205 1503 1269 praesens

451 1293 501 1350 est
523 1285 614 1349 omni
636 1286 725 1371 parti
746 1285 861 1351 hostiae
885 1286 956 1351 sine
979 1285 1298 1351 commensuratione
1327 1285 1432 1362 locali,
1457 1286 1503 1351 sic

450 1408 565 1474 corpus
589 1387 736 1467 Christi3
759 1392 819 1453 sut
842 1387 959 1453 saltem
981 1385 1197 1454 sublimatum
1221 1396 1271 1452 est
1294 1387 1356 1452 hoc
1385 1408 1502 1474 corpus

448 1512 545 1576 super
567 1512 662 1556 omne
685 1513 754 1556 esse
776 1491 952 1576 corporalis
974 1487 1117 1556 naturse¹
1153 1490 1197 1554 ed
1232 1511 1300 1555 esse
1334 1489 1502 1556 consimile

447 1593 641 1679 spiritibus3
674 1594 752 1679 quia
783 1615 850 1658 non
884 1594 1095 1660 commetitur
1126 1615 1160 1658 se
1192 1593 1343 1680 partibus
1375 1591 1501 1670 hostias,

446 1717 507 1761 nec
529 1695 677 1782 partibus
698 1694 769 1773 loci,
793 1701 827 1760 et
857 1717 999 1781 praesens
1030 1705 1080 1760 est
1112 1694 1203 1772 coelo,
1227 1703 1261 1759 et
1294 1694 1443 1772 ecclcsiae,
1468 1699 1503 1760 et

446 1798 581 1864 cuilibet
602 1798 693 1864 fideli
715 1797 932 1884 participanti
953 1799 1014 1864 hoc
1037 1803 1291 1864 sacramentum.
1394 1850 1397 1854 e

492 1900 538 1966 Et
568 1923 627 1988 per
648 1901 710 1967 hoc
737 1900 922 1966 excitamur
948 1901 991 1965 ad
1021 1900 1316 1967 considerationem
1346 1900 1501 1967 maximas

446 2001 502 2082 rei,
522 2002 645 2069 scilicet
668 2003 832 2090 quomodo
856 2002 1020 2068 Dominus
1043 2003 1141 2069 Jesus
1165 2002 1317 2069 Christus
1339 2003 1502 2090 glorifica-

445 2105 499 2170 bit
520 2105 667 2192 singulos
689 2105 809 2170 electos
831 2106 868 2170 in
889 2105 963 2170 vita
985 2110 1118 2175 aeterna
1166 2104 1256 2170 Nam
1288 2105 1375 2171 sicut
1397 2104 1503 2172 deitas

446 2228 590 2293 praesens
612 2207 678 2273 erit
699 2207 844 2284 cuilibet,
861 2207 961 2273 itaet
983 2207 1182 2284 humanitas,
1206 2217 1246 2273 ut
1273 2207 1368 2295 argui
1394 2213 1503 2294 potest

447 2309 532 2375 siout
563 2331 651 2374 nunc
682 2309 724 2374 de
761 2315 974 2386 sacramento,
1009 2314 1049 2374 ut
1092 2309 1256 2376 Dominus
1293 2308 1391 2374 Jesus
1438 2307 1501 2375 sit²

447 2412 558 2476 omnia
573 2412 608 2475 in
625 2411 782 2476 omnibus.
829 2412 896 2477 Sed
915 2412 963 2477 ibi
978 2409 1166 2478 revelatur⁸
1180 2411 1287 2498 gloria
1308 2411 1500 2498 majestatis,

447 2513 499 2577 hic
530 2514 694 2578 occultata
729 2522 862 2600 propter
893 2517 1021 2578 statum
1055 2513 1154 2600 hujus
1189 2513 1408 2580 mortalitatis.
1455 2513 1502 2580 Et

446 2614 519 2679 dixi
541 2625 580 2680 ut
602 2615 695 2702 argui
718 2620 921 2702 potest-non
944 2615 1148 2692 sententiari,
1164 2616 1324 2703 quianon
1339 2637 1501 2702 praesumo

446 2717 499 2782 hic
533 2719 731 2784 sententiare
753 2719 796 2783 ad
818 2739 968 2804 praesens.
1024 2717 1199 2804 Contingit
1230 2723 1343 2783 tamen
1375 2717 1421 2783 sic
1450 2740 1502 2783 ar-

446 2841 555 2906 guere,
591 2821 746 2907 quoniam
769 2820 855 2886 sicut
877 2843 911 2886 se
933 2818 1035 2885 habet
1058 2819 1150 2885 Deus
1181 2819 1225 2884 ad
1256 2825 1431 2898 creaturas,
1454 2820 1501 2886 sic

447 2922 600 2989 Christus
622 2923 665 2989 ad
689 2924 816 3001 electos.
863 2921 930 2988 Sed
952 2922 1108 3008 majestas
1131 2922 1196 2987 Dei
1218 2923 1358 3009 requirit
1386 2927 1427 2988 ut
1458 2923 1502 2988 sit

446 3047 589 3112 praesens
615 3026 767 3091 omnibus
790 3023 974 3102 creaturis,⁴
996 3037 1031 3090 et
1053 3025 1228 3091 necessitas
1251 3032 1410 3092 creaturas
1441 3025 1502 3091 hoc

446 3128 533 3194 idem
557 3129 664 3214 exigit
676 3154 683 3209 ;
719 3130 797 3215 quia
819 3129 916 3195 aliter
939 3129 1092 3193 deficeret
1123 3129 1159 3192 in
1193 3127 1284 3191 nihil.
1331 3127 1502 3216 Quaprop-

447 3242 498 3296 ter
528 3237 639 3317 potest
670 3232 766 3318 argui
798 3232 887 3317 quod
919 3229 1079 3310 Christus,
1113 3231 1203 3296 Deus
1235 3236 1270 3296 et
1303 3230 1410 3311 homo,
1435 3233 1502 3297 erit

446 3355 590 3419 praesens
622 3333 758 3399 cuilibet
790 3334 893 3399 electo
915 3333 952 3397 in
978 3335 1091 3421 gloria.
1139 3329 1284 3399 lterum⁶
1306 3356 1365 3420 per
1393 3334 1500 3400 simile

447 3436 488 3500 de
523 3441 613 3500 statu
645 3436 772 3522 gratiss.
819 3435 909 3500 Nam
942 3458 1000 3522 per
1033 3442 1272 3501 sacramentum
1310 3436 1423 3502 altaris
1459 3438 1500 3502 fit

447 3538 599 3604 Christus
622 3560 764 3625 praesens
787 3538 924 3604 cuilibet
955 3539 1058 3604 electo
1081 3539 1117 3602 in
1140 3543 1233 3604 statu
1253 3539 1370 3625 gratiae
1381 3564 1390 3620 ;
1423 3561 1500 3627 ergo

447 3639 601 3706 similiter
624 3641 777 3727 arguitur
800 3639 888 3727 quod
911 3640 948 3705 in
969 3641 1081 3727 gloria.
1127 3641 1193 3706 Sed
1226 3640 1267 3706 de
1298 3640 1360 3706 hoc
1393 3663 1500 3708 sacra·

446 3751 558 3809 mento
597 3740 751 3831 grandis⁶
792 3766 897 3810 sermo
931 3745 971 3808 fit
1005 3744 1042 3808 in
1081 3744 1188 3831 Opere
1230 3743 1359 3830 Majori,
1408 3745 1501 3831 cujus

445 3845 589 3913 intentio
625 3848 661 3911 in
693 3846 754 3913 hoc
786 3869 892 3934 opere,
926 3847 961 3911 in
994 3847 1184 3925 Moralibus‚
1220 3847 1366 3913 breviter
1399 3869 1501 3913 anno·

479 4300 485 4331 ¹
503 4299 610 4364 natura]
630 4307 757 4362 ereatura,
775 4300 804 4351 B.
947 4294 950 4300 '
1030 4297 1038 4328 ⁸
1054 4296 1161 4348 omnibus
1169 4297 1301 4363 creaturis]
1318 4298 1420 4350 cuilibet
1428 4312 1496 4349 crea·

477 4404 547 4470 ²rit]
567 4405 621 4463 scit,
639 4406 667 4456 B.
996 4387 1057 4429 '¹¹¹'ae
1074 4378 1098 4427 Τ

611 4498 612 4502 ¹
1028 4408 1158 4522 'licium
1179 4449 1282 4519 licetll.

477 4514 487 4543 ¹
503 4507 634 4575 revelatur]
654 4511 771 4571 revelata,
789 4510 819 4561 B·
1027 4539 1037 4566 ⁰
1052 4537 1166 4603 prandia]
1186 4538 1321 4602 respondis,
1337 4538 1368 4590 13.
