3586 5640
720 778 808 827 orus
829 778 946 828 mres.
1295 767 1359 830 359

305 946 462 1033 lapidum,
495 948 622 1028 salium,
653 947 856 1034 sulphurem,
891 948 1121 1028 metallorum,¹
1157 953 1357 1014 atramento·

219 1093 225 1103 ·
305 1071 387 1126 rum,
404 1050 550 1116 colorum
573 1057 607 1116 ct
623 1051 770 1116 oleorum
786 1053 975 1130 universim,
995 1057 1030 1116 et
1046 1057 1237 1118 caeterorum
1253 1054 1358 1116 nomi-

306 1158 480 1233 natorum3
526 1153 644 1219 deinde
668 1155 815 1219 omnium
838 1156 1045 1240 planetarum
1068 1160 1103 1220 ct
1133 1155 1309 1219 herbarum
1325 1160 1360 1220 et

306 1262 510 1337 caeterorum,
526 1262 561 1322 ct
583 1279 657 1343 quae
680 1263 858 1343 erumpunt
873 1260 913 1323 de
936 1261 1032 1334 terra,
1049 1280 1123 1343 quae
1138 1258 1174 1321 in
1190 1257 1360 1342 Scriptura

306 1365 482 1446 ponuntur.
536 1359 615 1425 Post
630 1360 699 1425 haec
722 1362 869 1425 omnium
892 1361 1107 1437 animalium3
1146 1365 1180 1424 et
1194 1365 1359 1445 postremo

306 1462 515 1527 diversitates
546 1467 581 1527 et
613 1462 829 1548 proprietates
867 1463 1015 1527 omnium
1052 1463 1231 1537 hominum,
1256 1466 1291 1526 et
1323 1462 1358 1525 in

305 1564 536 1649 complexione,
556 1569 591 1629 et
613 1564 649 1628 in
671 1564 825 1642 moribus
842 1565 928 1629 etin
950 1564 1027 1643 ritu,
1044 1569 1079 1628 et
1100 1564 1137 1628 in
1163 1562 1298 1642 artibus,
1323 1567 1358 1628 et

304 1664 341 1729 in
363 1666 515 1730 scientiis.
562 1666 629 1730 Sed
655 1666 852 1752 paucissima
882 1667 923 1730 de
946 1665 1098 1730 omnibus
1128 1665 1180 1729 his
1210 1666 1358 1729 sciuntur

304 1767 439 1854 evulgo
455 1767 690 1854 theologorum.
739 1767 785 1833 Et
807 1768 881 1833 ideo
904 1769 940 1832 in
964 1790 1061 1832 sensu
1083 1767 1207 1833 literali
1229 1788 1357 1833 necesse

304 1873 356 1934 est
392 1870 480 1955 quod
517 1870 563 1935 sit
599 1891 688 1935 error
725 1869 883 1935 infinitus.
946 1870 1107 1957 Exempla
1144 1871 1278 1955 quidem
1316 1870 1357 1935 de

304 1971 491 2038 coelestibus
513 1976 547 2037 et
577 1972 784 2058 passionibus
814 1977 1010 2058 temporum,
1034 1979 1068 2038 et
1091 1973 1131 2038 de
1153 1973 1300 2037 numeris
1322 1978 1357 2038 et

304 2073 419 2159 figuris
446 2075 495 2159 [ct
518 2075 559 2138 de
581 2074 742 2159 numeris]
766 2079 801 2139 ct
825 2075 1043 2153 musicalibus,
1071 2074 1151 2140 satis
1181 2079 1297 2160 patent
1320 2075 1357 2138 in

303 2180 430 2260 septem
460 2174 623 2239 radicibus
653 2176 773 2259 quibus
803 2182 1012 2262 comparatur
1045 2177 1277 2241 mathematica
1313 2176 1357 2241 ad

304 2277 514 2362 theologiam.
562 2278 607 2342 Et
629 2278 665 2341 in
686 2283 805 2363 quarta
827 2284 921 2363 parte
943 2279 1050 2365 operis
1074 2280 1115 2345 de
1128 2264 1216 2344 'loeis
1238 2279 1356 2344 mundi

303 2385 338 2445 ct
354 2380 401 2443 ibi
417 2385 451 2444 et
466 2384 544 2444 ante
566 2386 601 2444 et
623 2385 736 2465 postea
759 2381 795 2444 in
818 2403 939 2468 magna
957 2382 1059 2468 eopia,
1075 2387 1115 2446 ut
1136 2383 1227 2468 prius
1249 2382 1354 2468 tetigt

350 2482 401 2546 De
432 2481 531 2546 rebus
559 2481 767 2548 inferioribus
797 2484 981 2570 exemplum
1014 2484 1224 2570 magnificum
1262 2485 1356 2570 posui

305 2586 341 2648 in
363 2584 498 2650 aestibus
513 2585 613 2649 maris
635 2585 692 2670 qui
708 2585 884 2672 saepissime
899 2587 1108 2672 reperiuntur
1123 2588 1159 2651 in
1175 2587 1355 2672 Scriptura,

305 2686 393 2771 quod
424 2687 566 2752 tractavi
597 2686 633 2751 in
656 2692 776 2772 quarta
806 2693 901 2775 parte
933 2690 1038 2775 operis
1072 2689 1268 2776 geometrici,
1297 2690 1356 2754 ubi

305 2789 440 2874 angulos
471 2795 506 2854 et
531 2790 653 2876 figuras
685 2790 780 2855 docui
803 2792 914 2854 omnia
946 2792 1063 2856 debere
1087 2793 1244 2876 cognosci.
1291 2791 1356 2855 Sed

304 2892 430 2956 nullum
462 2892 532 2955 vidi
564 2893 622 2976 qui
650 2892 732 2957 sciat
764 2891 838 2956 illos
872 2897 971 2957 aestus
1005 2892 1069 2954 nisi
1101 2893 1209 2955 virum
1244 2914 1265 2953 a
1291 2914 1356 2973 quo

305 2993 373 3058 haec
422 2992 544 3058 didiei²
582 2993 756 3058 transactis
794 2993 889 3056 annis
927 2993 1057 3077 viginti.
1114 2992 1180 3056 Sed
1218 2997 1356 3075 possunt

305 3097 382 3180 poni
405 3097 471 3160 alia
493 3096 645 3181 exempla
667 3116 741 3178 qum
772 3094 924 3158 similiter
954 3098 1033 3158 sunt
1055 3093 1152 3158 valde
1176 3093 1357 3158 necessaria

305 3198 479 3282 theologice
501 3198 587 3262 sicut
610 3193 818 3261 enumeravi³

580 3473 645 3559 [De
668 3495 776 3538 rerum
800 3473 1110 3562 generationibus.]⁴

350 3588 417 3654 Hic
454 3591 566 3652 autem
600 3589 713 3653 volens
746 3612 866 3675 ponere
897 3589 1072 3654 radicalem
1110 3583 1355 3674 generationem
1368 3592 1488 3672 spana

304 3715 413 3757 rerum
459 3692 630 3757 ostendam
669 3694 831 3777 quomodo
868 3714 911 3757 ex
949 3690 1119 3757 elementis
1156 3692 1357 3775 generantur
1367 3661 1524 3793 gfff}

304 3795 464 3873 humores
489 3800 588 3860 etex
611 3794 802 3860 humoribus
825 3794 936 3860 omnia
959 3795 1142 3858 inanimata
1156 3787 1356 3876 vegetabilis
1367 3794 1519 3874 elemcptnry

305 3904 340 3964 et
362 3898 519 3963 animalia
541 3903 575 3963 et
597 3898 751 3963 homines.
799 3898 881 3963 Haec
911 3900 1023 3961 autem
1053 3893 1192 3959 historia
1221 3912 1356 3979 genera-
1367 3860 1503 3980 ξῗζξζξιεῗ

304 4001 405 4066 tionis
428 4024 538 4067 rerum
561 4006 611 4067 est
633 4002 755 4088 ubique
771 4000 806 4066 in
831 4000 1002 4085 Scriptura
1018 3998 1139 4063 diffusa
1154 4018 1175 4060 a
1197 3990 1357 4081 principio

305 4127 406 4189 usque
430 4108 539 4185 finem,
564 4110 597 4170 et
627 4105 688 4170 hoc
711 4109 761 4169 est
783 4103 1037 4170 fundamentum
1068 4097 1231 4165 naturalis
1252 4096 1358 4184 philo·

304 4208 426 4293 sophim
463 4209 552 4274 inter
591 4209 727 4274 Latinos
764 4209 910 4295 vulgatae
936 4207 1069 4290 insuper
1106 4206 1142 4268 et
1178 4199 1356 4267 medicina

382 4397 873 4406 *--——-—-—.-—.-—-—·

339 4523 344 4550 ¹
357 4521 513 4587 reseratorum]
534 4540 623 4583 arram,
637 4524 690 4574 MS.
891 4527 899 4553 ³·
917 4521 1066 4587 rarescerent]
1080 4517 1216 4570 mearam.

339 4601 445 4665 ultrici]
460 4606 539 4653 aldea
552 4605 577 4653 in
589 4605 686 4669 margia
699 4621 732 4654 sc.
746 4606 806 4654 lat.
895 4599 1116 4668 'pmwrotmaibMJ
1129 4598 1263 4650 hamore
1274 4606 1359 4647 recent

304 4679 499 4732 Lincolnicasem.
859 4684 934 4732 hand.
