3586 5640
290 2888 424 2944 Conform·

290 2958 346 3008 able
358 2961 420 3012 with

463 756 528 820 210
834 768 962 818 nocam
984 767 1131 818 ascerus
1429 755 1518 844 [car.

461 951 496 1013 et
527 965 639 1011 omnes
668 943 882 1020 considerant,
914 944 972 1028 qui
1009 966 1030 1008 a
1060 944 1253 1030 patriarchis
1284 949 1319 1012 et
1347 943 1518 1033 prophetis

461 1051 649 1116 habuerunt
672 1047 913 1112 astronomiam.
952 1046 998 1112 Et
1021 1046 1081 1112 hoc
1099 1053 1150 1112 est
1173 1069 1352 1113 consonum
1374 1054 1516 1127 natura),

459 1159 500 1219 ut
537 1151 668 1239 quando
706 1149 868 1236 spoliatur
900 1153 999 1214 vetus
1035 1172 1142 1215 annus
1179 1172 1201 1215 a
1237 1151 1400 1218 fructibus
1437 1154 1516 1230 suis,

460 1255 598 1342 incipiat
620 1276 749 1333 novus;
772 1274 849 1317 nam
871 1252 947 1317 finis
969 1253 1121 1317 annualis
1144 1253 1265 1318 laboris
1288 1259 1339 1320 est
1366 1255 1515 1322 collectio

458 1360 633 1424 fluctuum.
707 1356 752 1420 Et
789 1356 863 1420 ideo
892 1356 1065 1420 seminatio
1095 1360 1130 1421 et
1160 1355 1328 1422 fructuum
1366 1358 1514 1424 collectio

459 1462 581 1526 debent
611 1481 679 1524 esse
709 1459 745 1522 in
775 1457 888 1522 eodem
918 1480 1025 1523 anno:
1050 1459 1139 1544 quod
1168 1481 1236 1524 nou
1258 1464 1368 1546 potest
1390 1463 1514 1527 servari

459 1566 487 1630 si
510 1585 615 1629 annus
638 1563 775 1649 incipiat
796 1561 840 1626 ab
869 1561 1001 1646 Apuli,
1023 1562 1081 1626 sed
1110 1561 1146 1626 in
1168 1583 1235 1626 uno
1257 1583 1345 1628 anuo
1375 1564 1515 1630 semina·

459 1669 558 1748 bitur,
583 1671 618 1732 et
640 1667 676 1730 in
698 1665 763 1730 alio
778 1668 929 1736 metetur.
976 1663 1022 1729 Et
1044 1686 1120 1729 cum
1142 1664 1203 1729 hoc
1225 1666 1270 1730 sit
1285 1688 1408 1744 verum,
1432 1671 1515 1734 tuuc

457 1771 542 1838 forte
565 1775 616 1836 est
639 1773 870 1856 argumentum
893 1768 934 1833 de
956 1767 1116 1854 principio
1138 1767 1265 1845 mundi,
1290 1770 1369 1853 quia
1394 1769 1514 1856 princi·

458 1875 551 1962 pium
565 1872 663 1959 primi
679 1872 758 1937 anni
773 1870 838 1936 fuit
853 1869 1052 1956 principium
1067 1869 1192 1934 mundi.
1232 1869 1299 1936 Sed
1313 1871 1512 1958 principium

458 1974 555 2044 anni¹
572 1980 623 2042 cst
637 1976 680 2041 ab
696 1973 841 2051 Octobri,
854 1979 893 2038 ut
907 1994 996 2038 nunc
1011 1972 1187 2059 probatum
1202 1977 1261 2037 est
1308 1973 1408 2040 Unde
1430 1975 1513 2042 dicit

457 2079 622 2166 Josephus
644 2076 831 2164 quodlicet
854 2075 985 2161 Moyses
1006 2075 1182 2141 constituit
1212 2075 1292 2140 anni
1314 2076 1512 2164 principium

456 2184 493 2248 in
516 2181 633 2270 Aprili,
658 2184 820 2266 quantum
843 2180 886 2244 ad
907 2179 1041 2244 initium
1057 2177 1316 2255 solemnitatum,
1340 2183 1453 2244 tamen
1475 2181 1512 2247 in

456 2285 657 2362 venditione,
673 2289 708 2349 et
722 2284 897 2368 emptione,
910 2287 945 2346 et
964 2282 1091 2367 reliqua
1112 2281 1360 2368 gubernatione,
1378 2281 1513 2368 Moyses

457 2387 573 2473 prioris
596 2386 705 2452 saeculi
728 2386 858 2450 decreta
879 2385 1034 2465 servavit,
1066 2390 1230 2469 quantum
1252 2384 1296 2450 ad
1318 2386 1398 2450 anni
1420 2387 1511 2470 prin-

457 2489 586 2575 cipium.
642 2488 708 2553 Sed
739 2487 829 2572 prius
866 2486 1021 2552 saeculum
1059 2487 1125 2552 fuit
1147 2509 1167 2552 a
1191 2487 1306 2573 Moyse
1340 2490 1511 2575 usquead

458 2591 656 2677 principium
693 2589 810 2654 mundi
846 2589 1064 2669 revertendo;
1101 2611 1179 2677 crgo
1224 2590 1308 2656 illud
1352 2593 1510 2659 saeculum

459 2692 577 2758 habuit
619 2693 814 2780 principium
846 2692 925 2756 anni
959 2692 994 2756 in
1022 2690 1167 2772 Octobri,
1202 2715 1279 2781 ergo
1312 2695 1511 2783 principium

460 2797 583 2862 mundi.

505 2901 551 2966 Et
582 2900 634 2966 hic
665 2903 716 2965 est
750 2898 866 2984 ingens
899 2897 1116 2963 consideratio
1153 2920 1211 2985 per
1250 2900 1510 2981 astronomiam

290 3034 442 3096 aeranem,
458 3004 589 3084 scilicet,
624 3002 667 3068 ad
703 2996 940 3066 inveniendum
977 3000 1216 3065 nobilissimam
1253 3002 1328 3067 eoeli
1372 3002 1511 3089 disposi-

284 4018 360 4072 Lires
371 4025 402 4073 os

284 4087 326 4138 the
338 4091 416 4154 patri·

285 4154 364 4207 archs.

457 3108 591 3183 tionem,
626 3107 662 3170 in
694 3126 759 3189 qua
792 3103 935 3189 planetae
967 3124 1080 3168 omnes
1113 3104 1248 3170 fuerunt
1270 3105 1306 3168 in
1340 3105 1408 3170 suis
1430 3105 1511 3172 locis

457 3209 668 3295 dignioribus,
694 3211 728 3271 et
751 3205 808 3270 ubi
832 3227 944 3271 omnes
966 3228 1042 3271 suas
1064 3206 1278 3271 fortitudines
1310 3206 1509 3290 habuerunt,

458 3312 497 3375 de
521 3311 640 3395 quibus
664 3314 777 3394 postea
799 3307 911 3393 scripsi
935 3308 1064 3373 tamin
1087 3308 1215 3373 Minore
1246 3329 1346 3393 quam
1376 3309 1413 3373 in
1437 3309 1510 3375 Ma-

451 3403 525 3497 jori.
579 3413 625 3476 Et
647 3411 717 3476 haee
740 3410 925 3474 debuerunt
947 3432 1016 3476 esse
1038 3412 1075 3476 iu
1098 3410 1259 3497 principio
1281 3411 1420 3476 mnndi:
1447 3411 1511 3478 hoc

456 3520 507 3580 est
541 3535 727 3601 congruum.
774 3511 820 3576 Et
858 3513 932 3577 ideo
969 3513 997 3578 si
1034 3515 1100 3580 ista
1133 3518 1315 3600 potuerunt
1352 3514 1508 3596 inveniri,

455 3618 490 3681 in
529 3618 635 3704 primo
669 3637 756 3680 anno
789 3615 915 3694 mundi,
954 3616 990 3679 in
1035 3616 1196 3703 principio
1235 3616 1395 3693 Octobris,
1430 3639 1509 3684 con-

455 3742 571 3785 sonum
604 3725 655 3785 est
688 3723 817 3784 naturae
849 3718 937 3803 quod
970 3718 1017 3782 ibi
1049 3718 1115 3783 fuit
1148 3717 1345 3805 principium
1380 3721 1508 3786 mundi.

455 3822 521 3888 Sed
552 3824 700 3888 nondum
732 3827 783 3887 est
814 3821 884 3887 haec
917 3821 1135 3887 consideratio
1168 3821 1367 3886 certificata:
1407 3824 1506 3910 tetigi

454 3932 567 3991 tamen
590 3928 630 3992 de
652 3949 691 3991 ea
713 3925 839 4010 aliquas
861 3925 933 3988 vias
956 3926 992 3989 in
1015 3924 1121 4010 Opere
1145 3923 1271 4008 Majori

500 4028 657 4109 Tertium,
682 4028 770 4113 quod
794 4027 845 4091 hic
867 4032 918 4091 cst
940 4027 1086 4092 notabile
1102 4027 1142 4091 de
1157 4027 1367 4114 temporibus,
1392 4031 1443 4092 est
1465 4029 1506 4096 de

453 4127 661 4213 longitudine
683 4133 764 4196 vitre
787 4129 1057 4217 patriarcharum.
1092 4129 1180 4194 Nam
1196 4152 1255 4216 per
1278 4129 1368 4195 mille
1390 4153 1504 4209 annos,

451 4231 630 4294 secundum
658 4232 682 4295 J
684 4232 864 4317 osephum,⁹
886 4233 1045 4297 vixerunt
1076 4232 1198 4317 aliqui3
1231 4239 1266 4298 st
1297 4237 1411 4299 textus
1438 4233 1505 4300 fere

449 4330 583 4396 deducit
606 4332 710 4395 vitam
734 4335 776 4397 ad
798 4335 868 4400 hoo.
909 4335 954 4400 Et
969 4333 1072 4420 aliqui
1087 4335 1257 4400 ascribunt
1272 4335 1333 4401 hoc
1356 4337 1504 4403 bonitati

486 4588 492 4617 ¹
498 4586 554 4651 snit
569 4585 716 4648 principium
736 4623 741 4635 .
760 4624 766 4635 .
785 4623 790 4636 .
810 4625 815 4636 .
835 4625 840 4636 .
856 4590 950 4653 princi·
1041 4589 1203 4656 vespam]
1218 4590 1305 4656 Antiq.
1319 4591 1334 4640 i.
1348 4596 1371 4641 3.

449 4669 516 4734 piem
527 4663 600 4729 aaut]
619 4677 668 4711 om.
682 4664 711 4713 Τ,
