3586 5640
305 809 407 895 xxa]
699 821 787 872 onus
808 820 967 871 ruamus.
1314 802 1356 866 95

304 997 466 1064 Latinam
512 995 601 1062 Nam
640 994 780 1061 ostendo
810 992 975 1077 quomodo
1006 994 1057 1056 est
1094 989 1276 1075 composita
1313 1010 1356 1053 ex

304 1100 420 1166 Graeco
438 1103 473 1163 et
495 1097 656 1177 Hebrae03
680 1101 751 1162 tam
771 1095 809 1161 in
830 1093 1056 1163 ecclesiasticis
1071 1093 1240 1158 vocabulis
1255 1112 1355 1177 quam

303 1203 340 1266 in
366 1200 602 1268 communibus.
655 1199 701 1265 Et
723 1198 816 1266 utilis
839 1202 890 1263 est
914 1196 985 1265 hac
1007 1195 1227 1262 consideratio
1248 1193 1356 1260 valde.

709 1598 789 1664 CAP.
814 1596 942 1665 XXVI.

354 1814 495 1880 Durum
524 1833 676 1899 comparo
705 1812 894 1899 linguarum
915 1809 1094 1875 utilitatem
1120 1810 1164 1874 ad
1194 1809 1359 1876 ecelesiam
1373 1813 1519 1867 otham

310 1915 381 1997 Dei,
408 1921 481 1981 tum
507 1920 643 2003 propter
672 1914 814 1980 officium
841 1913 1005 1991 divinum,
1031 1917 1104 1978 tum
1129 1917 1264 1999 propter
1285 1882 1473 2000 con-{Q

308 2019 503 2085 sacrationes
525 2017 733 2084 ecclesiarum
758 2022 794 2082 et
817 2015 1014 2102 hujusmodi,
1037 2020 1110 2081 tum
1136 2018 1271 2102 propter
1293 2014 1508 2131 alielwspesffl

309 2121 483 2186 secretiora
520 2120 562 2185 de
599 2141 694 2186 uersu
724 2119 829 2184 totius
862 2117 1013 2198 ecclesia,
1045 2117 1225 2184 socrmdum
1248 2138 1361 2182 omnes
1373 2083 1521 2200 wig„

311 2228 419 2288 status
448 2244 469 2287 a
498 2222 660 2309 principio
688 2243 792 2308 usque
818 2219 875 2285 ad¹
901 2221 1011 2300 finem,
1042 2221 1223 2287 secundum
1255 2216 1531 2333 P⁰l⁰⁸·ss1¹,'ffi¹22¹¹‘¹

310 2330 415 2391 tatem
439 2325 618 2390 literarum
664 2324 751 2405 Quia
774 2324 845 2389 iota
870 2345 973 2388 unum
997 2327 1057 2390 aut
1075 2346 1160 2389 unus
1186 2346 1272 2412 apex
1293 2345 1362 2389 non

312 2426 498 2513 praeteribit
521 2448 542 2491 a
566 2426 637 2514 lege
651 2427 753 2493 donee
775 2427 885 2492 omnia
912 2427 1003 2492 fiant.
1049 2427 1096 2492 Et
1119 2426 1190 2493 hess
1215 2426 1361 2493 conside·

313 2530 400 2596 ratio
430 2529 521 2595 valet
554 2530 696 2595 multum
738 2551 797 2617 pro
826 2529 946 2595 futuris
975 2528 1127 2615 periculis
1161 2529 1362 2596 Antichristi

312 2638 348 2699 et
374 2633 513 2698 aliorum
527 2632 795 2712 considerandis?
816 2633 901 2697 siout
915 2632 1050 2698 docetur
1073 2632 1159 2699 libro
1182 2632 1233 2699 De
1255 2632 1361 2705 Semi·

312 2736 410 2802 nibus
432 2734 699 2822 scripturarum
735 2740 776 2800 ut
797 2756 858 2821 ego
880 2755 1009 2820 expono
1039 2734 1076 2799 in
1100 2734 1160 2801 hoc
1190 2735 1267 2800 loco.
1314 2734 1360 2800 Et

311 2843 460 2926 respectu
482 2837 669 2924 reipubliu
695 2836 841 2902 fidelium
866 2835 1041 2901 manifeste
1061 2841 1111 2902 est
1137 2836 1275 2917 utilitas,
1290 2843 1363 2902 tum

312 2945 447 3028 propter
476 2944 608 3026 treugas
638 2945 673 3006 et
702 2960 815 3025 pacem
845 2939 934 3004 inter
961 2959 1022 3003 nos
1052 2942 1087 3003 et
1116 2938 1198 3003 alios
1235 2943 1363 3004 contra

313 3042 445 3124 hendas,
482 3048 558 3108 tum
603 3046 738 3128 propter
784 3041 999 3106 mercationes
1036 3045 1071 3106 et
1108 3041 1241 3127 negotia
1272 3041 1366 3106 varia

313 3145 488 3212 tractanda
517 3165 592 3210 oum
617 3144 692 3209 aliis
714 3144 914 3224 nationibus,
930 3149 965 3208 et
993 3147 1127 3230 propter
1156 3143 1263 3209 multa
1291 3143 1365 3209 alia.

316 3247 361 3313 Et
398 3247 441 3312 ad
478 3246 723 3313 conversionem
768 3245 952 3312 infidelium
1000 3253 1035 3312 et
1083 3246 1364 3313 schismaticorum

315 3349 489 3414 manifesta
514 3353 565 3415 est
590 3347 719 3414 utilitas
744 3347 940 3434 linguamm
987 3348 1052 3414 Sed
1072 3349 1113 3414 de
1139 3351 1366 3437 reprobatione
1380 3361 1495 3438 Andthg

316 3473 430 3517 eorum
451 3452 508 3537 qui
545 3452 693 3517 converti
739 3471 807 3516 non
843 3456 988 3537 possunt,
1027 3474 1095 3518 non
1132 3458 1183 3519 est
1219 3453 1363 3519 evidens
1379 3442 1527 3546 ξξᾞξῗζῇῃ

316 3553 406 3620 Nam
447 3551 524 3620 hoc⁸
539 3558 590 3620 est
612 3575 716 3618 unum
741 3553 782 3618 de
812 3555 942 3620 secretis
972 3561 1177 3634 secretorum,
1209 3560 1244 3620 et
1275 3555 1364 3641 quod
1380 3563 1440 3614 sels

316 3657 405 3744 apud
441 3656 581 3744 vulgum
602 3660 812 3744 reputaretur
848 3659 1011 3743 magicum
1034 3659 1089 3723 vel
1125 3657 1253 3722 fulsum.
1300 3657 1366 3722 Sed

315 3759 540 3846 philosophiae
569 3765 619 3824 est
643 3759 713 3826 haec
749 3759 968 3824 consideratio
999 3764 1033 3824 et
1063 3765 1258 3836 sanctorum,
1290 3758 1368 3823 licet

317 3862 496 3928 consimilis
519 3868 555 3929 et
580 3863 616 3926 in
642 3862 765 3928 eisdem
791 3861 890 3928 rebus
914 3863 959 3927 sit
985 3863 1153 3948 occupatio
1184 3861 1311 3949 magica
1333 3867 1368 3926 et

316 3965 511 4031 vetularum.
557 3964 682 4030 Eadem
708 3965 797 4030 enim
819 3986 871 4029 res
896 3969 1006 4051 potest
1031 3964 1102 4029 fieri
1117 3964 1200 4030 bene
1215 3969 1249 4030 et
1264 3963 1369 4044 male;

317 4072 352 4132 et
381 4089 439 4155 per
468 4066 607 4134 eandem
636 4089 706 4132 rem
737 4072 875 4154 possunt
896 4068 985 4133 bona
1007 4072 1043 4133 et
1070 4067 1159 4131 mals
1188 4067 1267 4133 fieri.
1324 4067 1371 4133 Et

312 4169 419 4256 judex
444 4170 616 4258 suspendit
640 4169 808 4236 hominem
837 4170 1014 4236 secundum
1035 4169 1207 4255 judicium,
1228 4175 1262 4236 et
1287 4171 1371 4235 alius

316 4273 475 4340 interficit
489 4277 604 4340 contra
621 4273 706 4359 jura.
753 4273 799 4338 Et
813 4295 872 4360 per
886 4273 1055 4340 cultellum
1070 4288 1209 4361 possum·
1224 4273 1371 4340 scindere

355 4650 523 4720 wiliel&
902 4654 1092 4724 ·s0c]0m.r.
1126 4655 1371 4723 seeopmusus

354 4732 685 4800 'mamma
869 4741 963 4801 peel.
