3586 5640
447 794 512 864 214
824 811 953 863 nocam
970 808 1122 888 ¹nacoms
1143 835 1145 840 -
1407 788 1469 879 [cl
1490 843 1496 856 .

446 993 625 1077 potuerunt
647 987 818 1054 certificari
841 986 881 1052 de
904 1009 983 1052 vero
1005 986 1075 1052 loco
1097 985 1206 1063 lunae3
1240 989 1275 1048 et
1308 982 1363 1047 isti
1394 982 1501 1046 motui

445 1092 534 1157 lunae
558 1090 720 1156 dederunt
742 1111 871 1167 nomen,
895 1094 930 1154 et
952 1092 1155 1154 vocavenmt
1178 1090 1305 1151 motum
1321 1088 1499 1171 aequatum,

396 1223 400 1232 ·
447 1199 482 1260 et
504 1193 672 1279 aqualem,
696 1197 731 1258 et
752 1193 920 1272 medium;
955 1192 1033 1276 quia
1055 1211 1182 1278 semper
1203 1188 1339 1275 aequalis
1354 1193 1427 1267 est;
1457 1192 1502 1266 et,

447 1297 613 1362 mediante
645 1295 709 1372 illc,
749 1295 919 1360 invenitur
944 1300 1054 1360 motus
1087 1288 1176 1359 lunae
1209 1313 1314 1369 verus,
1347 1296 1382 1356 et
1412 1291 1503 1355 locus

448 1396 563 1465 verus¹
596 1399 632 1463 in
666 1397 757 1474 coelo,
780 1402 815 1463 et
845 1419 925 1462 vera
954 1397 1148 1483 conjunctio.
1194 1395 1239 1460 Et
1271 1394 1345 1459 ideo
1384 1392 1503 1472 adhuc,

449 1500 582 1588 quando
613 1499 693 1565 luna
726 1500 954 1565 consideratur
983 1520 1082 1586 penes
1115 1498 1222 1563 locum
1245 1498 1355 1574 istum,
1386 1494 1504 1561 dicunt

448 1603 538 1690 qnod
560 1607 611 1668 est
640 1602 825 1690 conjunctio
856 1603 928 1690 ejus
961 1601 1105 1688 aequalis,
1137 1605 1172 1666 et
1205 1599 1314 1664 media
1345 1599 1380 1662 in
1411 1597 1502 1677 coelo,

449 1708 536 1793 quia,
560 1705 725 1772 mediante
747 1703 813 1783 illa,
837 1704 978 1772 habetur
1000 1725 1078 1770 vcra
1103 1701 1297 1790 conjunctio.
1333 1700 1408 1767 Hoc
1429 1699 1503 1765 dico

451 1813 585 1897 propter
605 1808 708 1874 verba
728 1828 848 1874 eorum

497 1911 654 1976 Dicamus
691 1911 799 1997 igitur
834 1910 923 1997 quod
959 1910 1080 1976 mensis
1117 1907 1241 1974 lunaris
1278 1905 1505 1972 consideratur

452 2034 552 2101 penes
574 2013 835 2099 conjunctionem
867 2013 1018 2091 mediam,
1042 2011 1122 2098 quia
1143 2016 1273 2097 tempus
1296 2009 1384 2075 inter
1409 2031 1505 2095 quaa

452 2116 536 2182 libet
566 2117 651 2182 tales
673 2115 918 2202 conjunctiones
951 2121 1003 2182 est
1036 2135 1162 2202 semper
1184 2111 1331 2200 aequale;
1365 2117 1400 2177 et
1428 2112 1504 2177 ideo

453 2223 580 2285 certum
603 2219 685 2303 quid
707 2223 767 2297 est,
792 2223 827 2283 et
849 2224 959 2305 potest
981 2217 1153 2284 certificari
1176 2215 1378 2303 computatio
1392 2235 1506 2279 secun-

453 2321 533 2386 dum
555 2343 636 2386 eam
673 2320 719 2386 Et
742 2321 787 2386 sic
809 2322 930 2386 mensis
960 2321 1086 2387 lunaris
1116 2320 1245 2386 dicetur
1277 2340 1345 2383 una
1366 2317 1504 2397 lunatio,

453 2445 528 2507 quae
559 2423 708 2488 continet
730 2444 849 2488 novem
876 2428 911 2489 et
932 2423 1056 2510 viginti
1089 2423 1159 2488 dies
1190 2426 1225 2487 et
1257 2420 1440 2500 dimidium,
1471 2425 1506 2486 ct

452 2523 580 2610 aliquas
601 2527 711 2610 partes
742 2524 888 2590 minutas
919 2524 1083 2604 horarum,
1116 2547 1190 2610 quse
1221 2527 1384 2589 vocantur
1423 2521 1506 2587 frac-

452 2625 566 2690 tiones.
613 2623 750 2692 Hebraei
772 2648 851 2693 vero
874 2627 1030 2693 dividunt
1052 2649 1153 2692 unam
1191 2626 1305 2692 horam
1343 2625 1379 2690 in
1415 2624 1506 2690 mille

453 2726 622 2815 octoginta
658 2738 776 2815 partes,
800 2735 934 2817 propter
966 2729 1197 2796 certitudinem
1228 2727 1507 2816 computationis3

453 2830 565 2896 unde'
602 2836 737 2918 propter
772 2831 857 2897 hanc
895 2831 1089 2899 divisionem
1134 2831 1255 2899 certius
1298 2829 1507 2897 considerant

453 2955 552 3018 quam
575 2933 915 3001 astronomi-aliarum
938 2935 1120 3016 nationum,
1136 2935 1194 3022 qui
1216 2933 1374 3001 dividunt
1390 2931 1506 2998 horam

454 3037 490 3100 in
512 3036 685 3124 sexaginta
707 3042 825 3124 partes
871 3038 946 3104 Hoc
969 3039 1219 3126 supponendum
1242 3042 1294 3102 est
1315 3059 1411 3115 nunc,
1427 3057 1506 3101 nam

453 3137 603 3224 probatio
641 3143 731 3204 certa
763 3140 866 3205 currit
903 3152 1004 3228 super·
1036 3141 1105 3206 hoc.
1151 3141 1197 3205 Et
1234 3139 1293 3205 has
1330 3139 1508 3205 fractiones

453 3239 607 3305 horarum
639 3240 675 3305 in
709 3243 857 3327 quolibet
882 3264 994 3309 mense
1027 3243 1197 3330 colligunt,
1230 3242 1332 3307 donee
1363 3240 1507 3329 possint⁸

453 3363 582 3428 aequare
604 3362 729 3407 annum
752 3343 900 3410 lunarem
922 3346 1029 3426 solari,
1052 3345 1142 3431 quod
1164 3344 1283 3410 assidit
1305 3345 1352 3410 eis
1381 3346 1417 3409 in
1448 3365 1509 3410 suo

453 3446 553 3511 tertio
590 3463 687 3510 anno.
743 3446 831 3512 Nam
869 3449 948 3534 quia
985 3471 1091 3514 annus
1128 3447 1242 3513 solaris
1279 3448 1374 3513 addit
1410 3471 1508 3535 super

453 3570 577 3613 annum
614 3548 763 3613 lunarem
801 3551 952 3616 undecim
987 3552 1056 3618 dies
1070 3573 1229 3632 ;-annus
1267 3552 1355 3617 enim
1392 3551 1508 3616 solaris

453 3649 553 3717 habet
591 3655 755 3717 trecentos
792 3654 966 3740 sexaginta
1003 3655 1148 3742 quinque
1182 3654 1251 3719 dies
1284 3654 1439 3740 integros,
1472 3657 1509 3719 et

452 3748 577 3820 lunaris
599 3755 662 3820 nisi
686 3755 1008 3845 ecclia-colligunt
1030 3763 1082 3823 ter
1103 3757 1254 3822 undecim
1277 3758 1356 3838 dies,
1376 3763 1410 3822 et
1432 3778 1508 3822 con-

453 3858 601 3923 stituunt
615 3881 719 3924 unum
735 3881 880 3925 mensem
895 3860 1053 3938 lunarem,
1069 3865 1104 3926 et
1119 3864 1248 3947 ponunt
1262 3865 1339 3924 ante
1350 3859 1507 3946 Aprilem,

454 3981 497 4025 ex
519 3983 615 4026 causa
638 3966 728 4027 certa
749 3984 849 4050 quam
870 3961 1006 4028 inferius
1020 3967 1163 4050 tangam,
1185 3967 1221 4027 et
1235 3968 1377 4028 utuntur
1400 3962 1508 4027 lunari

454 4062 539 4127 sicut
561 4085 620 4128 nos
643 4064 896 4130 decennovenali
908 4089 917 4145 ;
955 4065 1014 4151 qui
1036 4065 1146 4151 cyclus
1183 4065 1308 4130 lunaris
1334 4065 1450 4152 incipit
1472 4067 1508 4130 in
1575 4089 1576 4092 ¹
1630 4043 1635 4051 Ι

455 4169 575 4250 quarto
597 4187 684 4230 anno
702 4167 785 4253 cycli
806 4167 1085 4249 decennovenalis,
1102 4173 1136 4235 et
1151 4169 1299 4234 continet
1313 4169 1381 4234 xix,
1396 4190 1508 4248 annos,

455 4268 540 4333 sicut
562 4272 675 4333 noster
712 4270 830 4355 cyclus.
878 4271 923 4336 Et
954 4276 1135 4360 posuerunt
1165 4295 1265 4338 unam
1288 4271 1437 4338 tabulam
1465 4295 1508 4338 ex

456 4370 612 4438 tredecim
624 4371 736 4493 ‘cyclis
759 4373 891 4454 talibus,
909 4396 976 4462 qua
989 4375 1143 4443 revoluta
1157 4377 1364 4464 complentur
1385 4397 1508 4456 omnes,

486 4630 493 4665 ¹
511 4636 534 4680 rt
544 4624 609 4680 tarn
621 4627 703 4695 verm]
723 4643 772 4681 om.
785 4629 815 4682 Τ.
1039 4634 1165 4700 ’ροεείιιι]
1185 4642 1297 4700 possunt,
1309 4634 1339 4684 T.

483 4708 586 4777 *astu
606 4717 641 4773 ut,
660 4709 691 4760 T.
