3586 5640
359 796 429 887 na]
750 811 836 861 orus
857 807 1018 859 raanan
1341 789 1407 863 2³⁸1·

359 983 509 1053 mutato¹
535 988 571 1052 in
593 1008 644 1065 aa,
668 986 803 1051 habebit
820 985 1003 1073 pelicanus
1033 984 1249 1071 penultimam
1271 986 1407 1072 produc-

360 1089 453 1155 tam?
506 1089 572 1155 Sed
594 1088 651 1155 et³
672 1090 734 1154 hoc
756 1089 889 1176 pateat⁴
911 1089 1023 1175 magis.
1077 1088 1166 1152 Nam
1199 1089 1234 1153 in
1266 1090 1407 1156 veritate

359 1193 448 1279 apud
471 1191 600 1258 Graecos
622 1192 807 1279 penultima
837 1193 873 1255 in
896 1190 1039 1277 obliquis
1069 1191 1346 1272 circumflectitur,
1368 1197 1408 1257 ut

359 1300 484 1359 certum
516 1300 566 1359 eat
603 1317 662 1382 per
698 1296 828 1381 signum
860 1298 1011 1359 accentus
1042 1294 1078 1357 in
1109 1294 1263 1380 psalterio
1285 1294 1406 1360 Graeco.

360 1395 426 1461 Sed
448 1418 618 1482 nunquam
647 1396 781 1483 syllaba
806 1396 870 1460 nisi
893 1397 938 1461 sit
963 1395 1159 1461 naturaliter
1203 1397 1309 1484 longa,
1345 1398 1406 1462 oir-

360 1499 600 1576 cumflectitnr3
637 1520 713 1585 ergo
751 1499 948 1583 relinquitur
984 1497 1073 1584 quod
1095 1499 1194 1565 debet
1216 1501 1290 1565 acui
1319 1500 1408 1586 apud

360 1621 527 1680 noscam
551 1623 618 1666 non
648 1606 783 1666 utamur
804 1601 1012 1666 circumflexo
1024 1625 1033 1680 ;
1064 1606 1100 1666 et
1122 1601 1196 1666 idco
1218 1602 1303 1666 male
1334 1623 1407 1688 gra-

359 1707 459 1767 vatur
480 1708 515 1768 et
538 1704 713 1768 breviatur.
768 1702 814 1768 Et
836 1704 871 1766 in
896 1703 992 1780 Luca,
1016 1704 1142 1769 decimo
1169 1703 1285 1790 quinto
1310 1702 1407 1793 [26.],

361 1804 568 1891 symphonia
590 1805 807 1892 penultimam
832 1806 930 1882 acuit,
954 1810 989 1870 et
1012 1811 1063 1871 eet
1085 1812 1262 1872 concentus
1277 1828 1408 1873 concors

360 1909 396 1971 in
422 1908 518 1972 laude
543 1908 614 1973 Dei.
660 1908 726 1973 Sed
748 1908 783 1972 in
808 1907 927 1974 Daniel
949 1913 1000 1974 est
1022 1931 1126 1996 genus
1147 1910 1270 1996 organi,
1295 1915 1329 1975 et
1351 1910 1408 1974 ha-

360 2010 418 2075 bet
440 2011 654 2097 penultimam
678 2032 831 2097 gravem;
853 2032 931 2074 nam
955 2009 1117 2075 Horatius
1138 2013 1276 2090 breviat,
1300 2011 1410 2076 (licens

361 2119 379 2147 ‘⁴
401 2112 595 2199 symphonia
629 2111 771 2177 discors''
803 2114 838 2176 in
860 2111 926 2177 fine
957 2110 1092 2177 versua⁶
1148 2113 1194 2177 Et
1224 2114 1408 2200 exemplum

361 2214 401 2279 de
421 2215 572 2300 pitanam,
597 2214 685 2301 quod
708 2215 744 2279 iu
771 2213 875 2301 Opere
898 2214 1008 2279 Primo
1031 2215 1133 2301 posui,
1157 2215 1300 2280 recitabo
1323 2237 1410 2280 nuno

361 2322 494 2404 propter
513 2317 669 2402 majorem
691 2318 919 2382 necessitatem
934 2321 968 2382 et
983 2317 1161 2404 pleniorem
1176 2318 1408 2403 probationem.

361 2420 449 2483 Nam
470 2441 539 2484 non
561 2420 697 2484 recitavi
720 2418 810 2484 istud
833 2419 1025 2484 vocabulum
1048 2420 1113 2483 nisi
1135 2441 1176 2483 ex
1192 2419 1316 2484 decimo
1338 2442 1409 2506 sep

361 2522 443 2585 timo
480 2522 612 2586 secundi
650 2519 788 2608 Regum,
827 2543 901 2586 cum
938 2526 1050 2586 tamen
1088 2522 1132 2586 sit
1168 2519 1226 2585 in⁰
1256 2522 1410 2587 vicesimo

362 2625 501 2709 septimo
533 2622 785 2687 Proverbiorum
810 2619 906 2711 [22.].
963 2623 1008 2688 Et
1039 2644 1106 2689 non
1144 2624 1249 2689 solum
1282 2646 1410 2690 necesse

362 2731 412 2789 est
435 2726 523 2810 quod
545 2726 652 2789 media
674 2731 818 2806 acuatur,
842 2730 977 2811 propter
998 2747 1128 2790 versum
1152 2726 1342 2805 Horatii,—

394 2847 411 2872 “
434 2837 484 2901 Tu
500 2837 791 2927 cessas,agedum,⁷
806 2859 897 2901 sume
913 2837 974 2902 hoo
988 2838 1204 2924 ptisanarium
1227 2860 1336 2923 oryzae
1349 2839 1377 2917 ;'’

361 2953 439 3040 quia
476 2951 660 3017 scandendo
704 2973 835 3016 versum
881 2973 948 3015 non
994 2950 1143 3016 aufertur
1192 2952 1255 3015 nisi
1292 2954 1410 3018 ultima

361 3053 496 3138 syllaba,
536 3059 683 3138 quaeest
715 3075 787 3132 am,
821 3053 906 3117 sicut
936 3053 1073 3142 probavi
1096 3053 1131 3118 in
1154 3052 1260 3141 Opere
1284 3054 1408 3139 Majori.

362 3156 428 3221 Sed
451 3157 529 3241 quia
551 3153 676 3221 Macer⁸
699 3153 798 3220 dicit:

451 3278 469 3307 “
493 3269 578 3337 Cum
597 3271 729 3358 ptisana
750 3290 880 3336 succum
903 3271 990 3358 pom'
1013 3271 1142 3336 sorbere
1159 3269 1321 3357 juvabit.'’

363 3399 408 3463 Et
437 3420 465 3486 p
498 3399 594 3464 litera
627 3419 754 3487 semper
788 3397 942 3464 scribitur
972 3403 1050 3463 ante
1073 3405 1094 3476 t,
1129 3403 1169 3465 ut
1202 3400 1238 3464 in
1265 3400 1326 3466 hoc
1352 3425 1409 3468 vo-

362 3501 487 3580 cabulo,
504 3499 716 3578 Ptolemaeus,
739 3524 812 3566 cum
835 3505 948 3566 tamen
971 3501 1187 3568 communiter
1201 3503 1355 3569 scribitur
1376 3510 1411 3570 et

361 3603 525 3690 profertur
545 3626 612 3669 non
636 3603 742 3668 solum
768 3606 843 3691 post
865 3609 887 3680 l,
913 3603 970 3669 sed
999 3602 1113 3690 posti,
1144 3605 1212 3684 sic;
1243 3604 1409 3693 tipcuao,⁹

361 3727 420 3792 per
442 3727 598 3792 magnum
621 3727 769 3771 errorem.

406 3807 452 3872 Et
484 3809 528 3873 ad
562 3808 633 3874 baec
664 3807 802 3872 inferam
835 3829 939 3872 unum
971 3828 1112 3872 errorem
1146 3808 1407 3888 abominabilem,
1532 3807 1534 3810 ⁴

361 3911 418 3995 qui
448 3910 489 3975 de
526 3933 613 3976 novo
649 3910 738 3997 apud
783 3909 904 3976 multos
941 3916 976 3976 et
1012 3909 1161 3975 literatos
1199 3915 1233 3975 et
1271 3910 1409 3978 famosos

396 4165 402 4194 ¹
415 4164 519 4229 saraa]
537 4165 633 4226 munti,
647 4165 677 4217 T·
910 4168 1075 4221 “sensnm
1091 4166 1208 4226 naeoar
1219 4165 1298 4231 spru.
1311 4167 1357 4218 zu.
1372 4173 1409 4230 ro,

394 4254 567 4322 wadnam]
586 4271 635 4307 om.
648 4256 678 4309 B.
908 4246 1107 4298 inalleditiona

394 4360 404 4389 ,
530 4361 554 4412 Τ
942 4326 1003 4392 ἰἠ]
1022 4341 1071 4376 om.
1084 4326 1114 4376 B.

414 4360 450 4425 a]
469 4375 517 4411 om'
554 4396 562 4412 ⁹
901 4450 903 4452 .
941 4404 1074 4470 'apedunq
1088 4405 1221 4469 agendum,
1230 4404 1261 4455 Τ.
1284 4405 1347 4458 Hor.
1356 4406 1408 4459 Sat.

395 4452 511 4518 Ῥω]
531 4452 562 4503 Τ·
908 4482 934 4532 ii.
947 4488 1001 4532 ros.

394 4555 608 4618 'brwiatdicena
620 4557 861 4624 rymptcniudr'acors
937 4559 1060 4627 Ἦσαν]
1084 4560 1124 4612 De
1140 4562 1241 4614 Herbia.
1275 4565 1315 4615 De
1334 4579 1408 4629 porro

362 4638 385 4684 ia
391 4635 446 4698 fine
456 4636 551 4701 mun]
565 4638 761 4695 breviandicena
772 4636 798 4686 in
810 4637 860 4685 fine
907 4639 992 4700 herba,
1007 4644 1044 4688 13.

361 4729 448 4765 versus
477 4715 653 4781 “symphonia
683 4714 801 4776 diacon?
829 4715 859 4768 Τ.
939 4718 1074 4784 'ripum
1092 4719 1209 4784 tlpsanas,
1219 4721 1250 4774 B.
