3586 5640
304 782 344 872 1.]
640 795 870 845 conrasmun
892 793 1019 844 sruon.
1287 776 1355 850 397

306 973 381 1037 tim
403 976 438 1037 et
460 971 654 1059 operativum
675 970 799 1035 scilicet
819 969 898 1055 quia
916 968 1124 1034 considerant
1144 989 1241 1056 opera
1260 967 1358 1034 utilia

304 1076 339 1138 in
366 1074 507 1155 eeclesia,
534 1080 570 1138 et
595 1072 772 1160 republica,
797 1078 832 1137 et
862 1077 935 1138 toto
964 1070 1109 1152 mundo,
1141 1071 1218 1137 licet
1245 1076 1357 1136 tamen

306 1177 491 1263 specialiter
529 1181 563 1242 et
593 1175 836 1240 antonomatice
872 1178 1034 1239 vocentur
1070 1173 1247 1260 punctim
1284 1193 1359 1258 qnae

306 1279 514 1344 considerant
536 1300 633 1364 opera
654 1278 817 1342 virtutum
840 1280 875 1343 et
897 1275 983 1356 vitii,
999 1296 1131 1361 poenam
1154 1280 1189 1340 et
1210 1273 1358 1361 gloriam,

306 1381 489 1465 cujusmodi
512 1385 591 1444 sunt
613 1379 778 1466 theologia
800 1400 874 1443 cum
891 1377 967 1463 jure
990 1377 1153 1457 canonico,
1174 1381 1208 1442 et
1228 1377 1360 1441 moralis

306 1482 511 1569 philosophia
535 1503 608 1546 cum
636 1503 694 1546 suo
712 1483 788 1567 jure
811 1480 910 1546 civili.
957 1480 1079 1545 Omnes
1102 1480 1191 1544 enim
1213 1478 1287 1544 aliae
1311 1479 1360 1543 di-

307 1589 428 1650 cuntur
464 1584 676 1671 speculativae
713 1583 749 1648 in
788 1582 1030 1670 comparatione
1071 1582 1237 1661 istarum;
1282 1582 1361 1668 qnia

307 1709 407 1773 opera
435 1686 629 1773 principalia
663 1707 738 1771 quae
771 1684 887 1750 valent
918 1683 1044 1749 homini
1073 1688 1152 1749 snut
1181 1684 1255 1762 ista,
1286 1705 1361 1770 quae

309 1793 415 1878 ipsum
447 1791 603 1856 ordinant
629 1789 666 1855 in
703 1789 808 1854 vitam
846 1793 1014 1868 aeternam,
1045 1791 1080 1852 et
1112 1786 1287 1852 retrahunt
1318 1787 1362 1854 ab

308 1894 447 1960 inferno.

353 1996 418 2061 Sed
450 1995 493 2060 ad
527 1995 638 2060 omnia
673 1991 803 2059 scienda
840 1992 957 2058 modus
994 1991 1139 2079 optimus
1175 1993 1485 2078 requireturnetbou

308 2097 504 2163 Aristoteles
533 2118 613 2162 vero
642 2096 677 2160 in
708 2095 849 2160 secundo
881 2093 1131 2181 Metaphysicae¹
1162 2092 1246 2175 vult,
1274 2094 1362 2180 quod

309 2199 426 2264 modus
456 2197 580 2262 sciendi
609 2198 805 2283 requiratur,
837 2203 1015 2284 antequam
1045 2197 1144 2262 homo
1175 2197 1281 2262 diseat
1309 2197 1363 2264 vel

307 2323 367 2387 per
396 2322 429 2364 se
459 2300 613 2385 inquirat.
662 2299 787 2363 Malum
812 2299 900 2364 enim
927 2303 986 2380 est,
1009 2299 1127 2379 nteit,
1152 2299 1251 2364 simul
1276 2322 1363 2386 quse-

307 2425 378 2467 rere
403 2403 574 2467 scientiam
601 2406 636 2466 et
662 2401 796 2466 modum
827 2401 959 2482 sciendi,
983 2402 1063 2488 quia
1089 2402 1196 2488 primo
1220 2423 1364 2488 qnaerere

311 2505 410 2570 debet
453 2504 597 2584 modum,
633 2507 673 2570 nt
713 2503 852 2568 feliciter
891 2505 933 2568 ad
975 2504 1146 2570 scientiam
1184 2506 1364 2592 perveniat

311 2608 407 2687 Quod
430 2608 458 2672 ei
480 2629 547 2672 non
568 2606 676 2687 faciat,
698 2607 763 2671 erit
782 2605 898 2671 similis
917 2607 975 2686 illi,
999 2608 1056 2694 qni
1079 2608 1153 2674 vult
1179 2630 1291 2674 curare
1314 2609 1365 2672 in·

309 2711 421 2776 firmos
451 2716 628 2796 antequam
655 2709 737 2775 sciat
767 2709 901 2775 modum
931 2710 1095 2792 medendi,
1127 2711 1212 2777 sicut
1241 2710 1364 2776 ibidem

309 2813 482 2892 Averroes,
506 2815 746 2877 commentator
769 2811 966 2892 Aristotelis,
989 2813 1168 2877 sententiat
1190 2812 1364 2899 eleganter.

311 2915 431 2980 Modus
454 2914 542 2980 enim
571 2919 683 2978 estut
706 2913 815 2999 priora
840 2913 1013 2978 inordina
1036 2912 1194 2978 doctrinae
1220 2915 1366 2978 sciantur

310 3025 386 3082 ante
421 3017 610 3104 posteriora,
635 3021 670 3080 et
702 3015 849 3079 faciliora
880 3019 958 3079 ante
993 3013 1183 3094 difficiliora,
1215 3019 1250 3080 et
1280 3038 1365 3080 com-

310 3120 424 3184 munia
461 3123 539 3182 ante
574 3117 715 3203 propria,
748 3121 782 3180 et
816 3116 944 3180 minora
975 3120 1053 3179 ante
1076 3116 1208 3201 majora,
1231 3122 1271 3182 ut
1297 3140 1365 3183 ma·

313 3221 470 3285 nifestum
494 3225 565 3298 est;
588 3224 623 3282 et
647 3218 744 3282 utin
767 3217 879 3282 electis
901 3223 936 3282 et
955 3217 1094 3282 utilibus
1116 3218 1176 3283 fiat
1199 3219 1367 3306 occupatio

314 3321 531 3395 studentium,
556 3320 633 3406 qnia
655 3319 728 3384 vita
750 3319 859 3385 brevis
886 3325 943 3385 est
989 3319 1036 3385 Et
1058 3325 1098 3386 nt
1127 3321 1367 3388 certitudinali-

312 3432 365 3487 ter
387 3423 457 3486 sine
481 3420 698 3498 dubitatione,
715 3428 750 3487 et
772 3421 869 3509 plane
892 3422 962 3489 sine
985 3422 1193 3505 obscuritate,
1217 3424 1369 3490 tradatur

313 3525 487 3610 sapientia,
519 3523 608 3608 quod
640 3524 840 3610 impossibile
870 3529 921 3590 est
950 3525 1021 3590 fieri
1055 3527 1125 3591 sine
1157 3528 1367 3612 experientia

314 3627 404 3706 Quia
426 3626 503 3690 licet
525 3647 583 3712 per
605 3625 672 3690 tria
694 3625 843 3706 sciamus,
866 3626 1022 3692 videlicet
1042 3649 1101 3715 per
1126 3629 1366 3710 auctoritatem,
1379 3645 1536 3713 Κιιονιεᾱμ
1652 3687 1655 3691 .

312 3735 347 3794 et
387 3729 559 3805 rationem,
591 3733 625 3792 et
662 3728 910 3815 experientiam,
943 3735 1055 3796 tamen
1087 3732 1266 3796 auctoritas
1298 3752 1366 3796 non
1378 3713 1506 3846 Ἠῶ

312 3831 402 3917 sapit
434 3829 499 3894 nisi
529 3828 627 3894 detur
656 3830 726 3914 ejus
759 3831 855 3912 ratio,
885 3853 946 3897 nec
983 3832 1043 3896 dat
1075 3832 1280 3898 intellectum
1310 3833 1475 3906 sedremn,
1506 3818 1514 3841 '

312 3933 564 4013 credulitatem3
588 3931 750 3997 credimus
773 3933 861 3999 enim
883 3934 1083 4015 auctoritati,
1104 3935 1161 3999 sed
1184 3956 1251 3999 non
1273 3956 1368 4022 prop
1379 3913 1535 3977 exponeres.

312 4040 364 4100 ter
392 4057 464 4100 eam
490 4033 717 4120 intelligimus.
772 4034 844 4100 Nec
875 4036 961 4102 ratio
994 4041 1104 4123 potest
1137 4036 1218 4102 scire
1249 4059 1292 4101 an
1318 4059 1369 4102 so-

315 4137 446 4225 phisma
482 4136 538 4203 vel
577 4137 825 4218 demonstratio,
855 4137 921 4203 nisi
957 4137 1195 4204 conclusionem
1229 4139 1368 4205 sdamm

313 4239 457 4326 experiri
495 4260 554 4326 per
591 4261 698 4327 opera,
732 4243 773 4305 ut
809 4238 945 4304 inferius
982 4240 1019 4304 in
1056 4240 1201 4306 scientiis
1242 4242 1367 4329 experi-
1497 4292 1503 4303 .

311 4342 512 4407 mentahbus
546 4340 785 4408 demonstrabo.
836 4340 932 4406 Nihil
965 4346 1077 4408 tamen
1098 4344 1162 4410 nisi
1192 4345 1365 4412 minimum

681 4669 688 4702 ¹
701 4665 893 4739 Metaptyu'coe]
907 4670 934 4723 il.
947 4676 970 4735 l,
983 4677 1006 4723 8.
