3586 5640
306 872 369 959 v1.]
640 884 871 937 commoror
892 885 1022 937 srnnn
1291 866 1358 938 437

306 1061 487 1148 vulgatam,
521 1083 596 1148 quaa
618 1057 711 1126 nulla
744 1065 804 1142 est,
829 1082 903 1125 oum
931 1063 1044 1124 tamen
1071 1056 1142 1122 haeo
1176 1057 1357 1143 disputatio

306 1162 505 1250 Hieronymi
527 1163 636 1250 posita
659 1167 709 1228 est
733 1163 768 1226 in
790 1163 898 1248 glossa
920 1182 1017 1248 super
1039 1159 1128 1223 huno
1150 1158 1265 1224 looum.
1312 1159 1358 1223 Et

306 1265 422 1330 dieunt
454 1287 488 1331 se
520 1266 687 1331 adhaerere
711 1264 916 1349 Hieronymo
950 1263 986 1327 in
1020 1260 1172 1327 omnibus
1206 1282 1281 1345 quae
1314 1261 1358 1324 ad

305 1366 436 1432 literam
467 1373 503 1433 66
534 1389 665 1433 sensum
696 1366 859 1431 literalem
881 1366 1056 1452 pertinent,
1092 1364 1170 1449 quia
1192 1363 1261 1450 ipso
1288 1384 1358 1426 eor-

304 1468 394 1532 rexit
417 1470 564 1534 omnium
587 1469 842 1557 praecedentium
865 1488 1012 1547 errores;
1044 1471 1079 1531 et
1101 1465 1234 1531 eeclesia
1264 1465 1357 1529 dedit

305 1569 336 1634 61
359 1571 590 1638 auctoritatem
612 1593 680 1658 praa
704 1570 864 1647 omnibus,
889 1570 968 1655 quia
990 1568 1085 1655 plura
1108 1567 1205 1632 scivit
1228 1567 1269 1632 de
1292 1565 1355 1630 lin-

304 1672 377 1757 guis
399 1695 498 1759 quam
522 1694 635 1739 omnes
658 1672 770 1738 Latini
792 1672 851 1758 qui
882 1692 1030 1757 unquam
1062 1669 1219 1750 fuenmt5
1241 1674 1282 1734 ut
1305 1673 1356 1734 est

304 1779 422 1838 uotum
445 1775 596 1840 omnibus
619 1775 782 1840 studiosis.

349 1877 441 1942 Pono
473 1878 562 1944 aliud
589 1877 776 1963 exemplum
809 1876 850 1941 de
874 1875 997 1953 Graeeo,
1021 1875 1063 1940 de
1085 1874 1217 1941 nomine
1239 1874 1355 1939 hestiae
1368 1884 1517 1938 uberrumos

303 1983 338 2043 6
375 1979 413 2043 in
450 1980 515 2045 fine
552 1980 644 2046 aar
681 1978 799 2044 decimi
836 1978 973 2064 apum
1010 1977 1251 2064 Apoealypsis;
1296 1976 1354 2040 uu
1366 1952 1450 2071 ἢ

305 2080 426 2146 dicitur
464 2083 553 2166 quod
591 2102 711 2145 nomen
748 2080 877 2145 numeri
908 2080 1025 2146 bestiae
1058 2082 1132 2146 666.
1179 2079 1276 2160 Quod
1298 2100 1354 2143 ex·

305 2204 429 2267 ponens
461 2181 574 2248 Beda¹
600 2182 699 2246 dicit:
749 2189 766 2216 “
778 2181 864 2248 Cum
897 2181 951 2246 hio
973 2181 1057 2247 liber
1087 2181 1228 2268 scriptus
1251 2181 1296 2246 sit
1318 2181 1354 2244 in

306 2292 323 2317 “
348 2284 470 2362 GraeoO,
506 2287 637 2370 oportet
671 2304 843 2348 numerum
874 2283 962 2348 huno
993 2305 1139 2370 quaerere
1162 2305 1220 2369 per
1241 2282 1354 2348 literas

305 2394 322 2419 “
348 2386 486 2464 Graeeas,
510 2385 568 2470 qui
591 2389 785 2471 computant
802 2385 905 2471 juxta
926 2385 1038 2449 literas
1065 2384 1261 2471 alphabeti.”
1307 2385 1354 2448 Et

304 2488 399 2574 ponit
433 2478 576 2572 quatuor
606 2487 741 2552 nomina
772 2487 895 2554 bestiae.
941 2487 1057 2553 Unum
1095 2493 1147 2553 est
1180 2487 1353 2568 Aretenws,

305 2589 394 2674 quod
443 2594 494 2655 est
540 2589 731 2670 contrarius,
781 2590 860 2676 quia
906 2589 1164 2655 eontrariabitur
1212 2591 1354 2657 Christo.

308 2691 406 2756 Istud
428 2691 624 2758 vocabulum
647 2692 802 2757 scribitur
823 2714 881 2778 per
914 2691 1028 2778 ulpho,
1061 2697 1096 2757 et
1118 2713 1180 2773 66,
1204 2698 1239 2758 66
1261 2691 1356 2772 thau,

304 2799 338 2859 et
361 2801 480 2880 opunte,
514 2799 549 2860 et
582 2793 644 2874 oni,
668 2799 703 2860 66
726 2793 890 2871 omicron,
917 2799 952 2860 66
982 2793 1103 2879 sigma.
1150 2793 1216 2859 Sed
1253 2793 1359 2879 alpha

303 2901 400 2961 notat
422 2918 536 2978 unum,
564 2917 618 2962 aa
641 2899 693 2975 50,
717 2895 901 2972 61666300,
929 2902 1043 2981 aperito
1067 2899 1096 2974 5,
1120 2893 1174 2959 mi
1197 2898 1250 2975 40,
1273 2892 1360 2958 omi·

305 3020 387 3064 oron
410 2998 462 3076 70,
494 2998 609 3084 sigma
632 3001 721 3077 2003
758 3019 832 3083 quae
855 2996 953 3060 simul
986 2995 1114 3060 faciunt
1138 2997 1210 3061 666.
1256 2994 1360 3058 Aliud

304 3122 425 3165 nomen
446 3102 543 3186 ponit
576 3101 766 3177 Amano,
814 3098 902 3184 quod
934 3103 984 3163 est
1015 3118 1107 3183 nepo,
1143 3097 1222 3182 quia
1255 3096 1361 3162 bestia

305 3202 445 3287 negabit
468 3202 645 3268 Christum.
664 3200 784 3287 Alpta
798 3200 910 3286 signat
932 3221 1045 3276 unum,
1061 3221 1100 3263 ro
1118 3202 1191 3279 100,
1215 3199 1290 3264 nu⁹
1307 3203 1360 3278 50,

306 3302 459 3368 omicron
481 3303 532 3382 70,
557 3302 795 3389 6661166400,
819 3300 894 3368 mi⁸
918 3305 971 3382 40,
995 3300 1171 3389 66611665.
1211 3302 1361 3368 Tertium

305 3404 503 3470 vocabulum
520 3404 671 3471 Graecum
687 3405 841 3471 scribitur
860 3426 919 3492 per
933 3404 1176 3493 diphthongum
1192 3406 1238 3471 sio
1252 3410 1361 3484 τειτάν,

306 3507 342 3570 id
365 3511 424 3584 est,
449 3505 498 3572 sol
521 3507 575 3572 vel
595 3506 706 3593 pigna,
723 3508 812 3593 quod
835 3529 913 3573 vere
936 3508 1092 3573 convenit
1108 3507 1262 3589 Christ03
1285 3509 1362 3574 11666

306 3608 498 3696 usurpative
521 3608 582 3673 hoo
604 3629 724 3673 nomen
746 3609 907 3674 attribuet
929 3608 993 3672 sibi
1009 3608 1239 3674 Antichristus
1286 3611 1362 3674 Duo
1422 3685 1425 3691 ¹

305 3734 383 3776 vero
406 3709 491 3776 6666
512 3710 550 3774 in
571 3709 632 3774 hoo
654 3711 786 3776 nomine
808 3715 928 3776 notant
961 3712 1036 3790 600,
1069 3715 1103 3775 66
1124 3731 1179 3776 aa
1203 3714 1255 3788 50,
1289 3709 1362 3776 iota

307 3817 358 3889 10,
383 3818 417 3878 66
439 3811 545 3898 alpha
566 3834 680 3877 unum.
726 3812 891 3893 Quartum
905 3833 1026 3877 nomen
1048 3817 1100 3877 est
1113 3811 1181 3878 Dio
1196 3811 1268 3891 166,
1284 3813 1363 3897 quia

306 3915 394 3980 (11666
417 3937 451 3980 se
474 3936 542 3980 esse
564 3914 677 3980 lumen
698 3914 825 3994 mundi,
851 3918 959 3980 otest
989 3913 1154 3993 Latinum,
1189 3914 1282 4000 cujus
1305 3936 1362 3978 ex·

306 4016 427 4103 positio
450 4039 518 4083 non
541 4023 591 4083 est
614 4016 755 4083 difficilis
766 4043 776 4099 ;
807 4038 880 4082 oum
896 4016 929 4081 D
950 4020 1046 4082 notet
1062 4019 1137 4097 500,
1153 4016 1228 4082 66Ι
1247 4038 1359 4095 unum,

308 4117 500 4201 Coentum,
517 4120 545 4185 L
564 4124 616 4198 50,
650 4119 683 4186 V
712 4123 741 4198 5,
757 4119 794 4185 Χ
816 4122 866 4184 10.
912 4118 980 4185 Sed
1003 4119 1112 4184 nullus
1134 4119 1362 4205 theologorum

307 4226 357 4288 est
390 4223 449 4308 qui
482 4223 553 4290 haeo
586 4222 760 4310 intelligat,
784 4243 859 4288 oum
890 4225 1005 4287 tamen
1038 4223 1084 4287 sit
1107 4222 1215 4308 glossa
1239 4243 1300 4287 sua
1325 4221 1363 4286 in

307 4326 415 4403 textu,
452 4329 487 4390 66
524 4324 670 4413 legentes
707 4345 838 4413 passum
876 4324 971 4391 illum
1002 4346 1070 4391 non
1103 4324 1220 4391 dicunt
1257 4346 1361 4390 unum

339 4675 443 4741 ι11616]
462 4691 516 4740 cop.
528 4674 584 4726 xiii.
596 4675 623 4726 in
634 4677 678 4728 fin.
902 4681 965 4748 ’66]
980 4680 1014 4734 So
1027 4679 1129 4749 always.

339 4757 404 4823 'nuJ
417 4757 445 4806 ai
454 4756 614 4822 throughout
