<?xml version="1.0" encoding="UTF-8"?>
<!DOCTYPE html PUBLIC "-//W3C//DTD XHTML 1.0 Transitional//EN"
    "http://www.w3.org/TR/xhtml1/DTD/xhtml1-transitional.dtd">
<html xmlns="http://www.w3.org/1999/xhtml" xml:lang="en" lang="en">
 <head>
  <title>
</title>
<meta http-equiv="Content-Type" content="text/html;charset=utf-8" />
  <meta name='ocr-system' content='tesseract 3.04.00' />
  <meta name='ocr-capabilities' content='ocr_page ocr_carea ocr_par ocr_line ocrx_word'/>
</head>
<body>
  <div class='ocr_page' id='page_1' title='image "./operaqudamhacte00bacogoog_0460.png"; bbox 0 0 3586 5640; ppageno 0'>
   <div class='ocr_carea' id='block_1_1' title="bbox 451 770 1129 834">
    <p class='ocr_par' dir='ltr' id='par_1_1' title="bbox 451 770 1129 834">
     <span class='ocr_line' id='line_1_1' title="bbox 451 770 1129 834; baseline -0.007 -1"><span class='ocrx_word' id='word_1_1' title='bbox 451 770 517 834; x_wconf 72' lang='lat'>344</span> <span class='ocrx_word' id='word_1_2' title='bbox 831 780 960 830; x_wconf 81' lang='lat' dir='ltr'>nouam</span> <span class='ocrx_word' id='word_1_3' title='bbox 983 779 1129 830; x_wconf 80' lang='lat' dir='ltr'>nacorus</span> 
     </span>
    </p>
   </div>
   <div class='ocr_carea' id='block_1_2' title="bbox 282 953 1507 4397">
    <p class='ocr_par' dir='ltr' id='par_1_2' title="bbox 282 953 1507 4397">
     <span class='ocr_line' id='line_1_2' title="bbox 286 953 1507 1043; baseline 0.007 -31"><span class='ocrx_word' id='word_1_4' title='bbox 286 965 395 1043; x_wconf 66' lang='lat' dir='ltr'>varum</span> <span class='ocrx_word' id='word_1_5' title='bbox 451 957 513 1022; x_wconf 89' lang='lat' dir='ltr'>hoc</span> <span class='ocrx_word' id='word_1_6' title='bbox 542 957 725 1034; x_wconf 88' lang='lat' dir='ltr'>dicendum,</span> <span class='ocrx_word' id='word_1_7' title='bbox 757 957 846 1042; x_wconf 89' lang='lat' dir='ltr'>quod</span> <span class='ocrx_word' id='word_1_8' title='bbox 879 956 964 1021; x_wconf 87' lang='lat' dir='ltr'>sieut</span> <span class='ocrx_word' id='word_1_9' title='bbox 986 955 1109 1041; x_wconf 88' lang='lat' dir='ltr'>Aquila</span> <span class='ocrx_word' id='word_1_10' title='bbox 1141 959 1175 1020; x_wconf 90' lang='lat' dir='ltr'>et</span> <span class='ocrx_word' id='word_1_11' title='bbox 1207 953 1433 1040; x_wconf 81' lang='lat' dir='ltr'>Symmachus,</span> <span class='ocrx_word' id='word_1_12' title='bbox 1465 960 1507 1021; x_wconf 92' lang='lat' dir='ltr'>ut</span> 
     </span>
     <span class='ocr_line' id='line_1_3' title="bbox 282 1031 1506 1161; baseline -0.001 -38"><span class='ocrx_word' id='word_1_13' title='bbox 282 1031 437 1161; x_wconf 50' lang='lat' dir='ltr'>{ffffg‘c’ffiff</span> <span class='ocrx_word' id='word_1_14' title='bbox 452 1059 576 1124; x_wconf 90' lang='lat' dir='ltr'>dictum</span> <span class='ocrx_word' id='word_1_15' title='bbox 611 1064 661 1122; x_wconf 88' lang='lat' dir='ltr'>est</span> <span class='ocrx_word' id='word_1_16' title='bbox 692 1081 798 1144; x_wconf 85' lang='lat' dir='ltr'>supra,</span> <span class='ocrx_word' id='word_1_17' title='bbox 823 1058 1035 1144; x_wconf 70' lang='lat' dir='ltr'>duplicabant</span> <span class='ocrx_word' id='word_1_18' title='bbox 1069 1056 1231 1121; x_wconf 70' lang='lat' dir='ltr'>editiones</span> <span class='ocrx_word' id='word_1_19' title='bbox 1263 1079 1339 1121; x_wconf 87' lang='lat' dir='ltr'>suas</span> <span class='ocrx_word' id='word_1_20' title='bbox 1370 1062 1506 1143; x_wconf 82' lang='lat' dir='ltr'>propter</span> 
     </span>
     <span class='ocr_line' id='line_1_4' title="bbox 283 1158 1505 1245; baseline 0.007 -28"><span class='ocrx_word' id='word_1_21' title='bbox 283 1176 359 1223; x_wconf 75' lang='lat' dir='ltr'>turea</span> <span class='ocrx_word' id='word_1_22' title='bbox 452 1161 608 1245; x_wconf 84' lang='lat' dir='ltr'>majorem</span> <span class='ocrx_word' id='word_1_23' title='bbox 640 1161 872 1225; x_wconf 70' lang='lat' dir='ltr'>certitudinem</span> <span class='ocrx_word' id='word_1_24' title='bbox 899 1166 933 1224; x_wconf 93' lang='lat' dir='ltr'>et</span> <span class='ocrx_word' id='word_1_25' title='bbox 956 1158 1158 1223; x_wconf 88' lang='lat' dir='ltr'>evidentiam</span> <span class='ocrx_word' id='word_1_26' title='bbox 1190 1158 1425 1236; x_wconf 79' lang='lat' dir='ltr'>translationis,</span> <span class='ocrx_word' id='word_1_27' title='bbox 1456 1159 1505 1225; x_wconf 81' lang='lat' dir='ltr'>sic</span> 
     </span>
     <span class='ocr_line' id='line_1_5' title="bbox 450 1259 1503 1346; baseline 0 -21"><span class='ocrx_word' id='word_1_28' title='bbox 450 1261 529 1327; x_wconf 86' lang='lat' dir='ltr'>feeit</span> <span class='ocrx_word' id='word_1_29' title='bbox 551 1263 668 1327; x_wconf 89' lang='lat' dir='ltr'>beatus</span> <span class='ocrx_word' id='word_1_30' title='bbox 690 1262 915 1346; x_wconf 77' lang='lat' dir='ltr'>Hieronymus</span> <span class='ocrx_word' id='word_1_31' title='bbox 938 1283 980 1326; x_wconf 85' lang='lat' dir='ltr'>ex</span> <span class='ocrx_word' id='word_1_32' title='bbox 1002 1261 1073 1346; x_wconf 87' lang='lat' dir='ltr'>ipso</span> <span class='ocrx_word' id='word_1_33' title='bbox 1097 1259 1239 1326; x_wconf 83' lang='lat' dir='ltr'>Hebraeo</span> <span class='ocrx_word' id='word_1_34' title='bbox 1262 1261 1298 1323; x_wconf 91' lang='lat' dir='ltr'>in</span> <span class='ocrx_word' id='word_1_35' title='bbox 1321 1260 1503 1341; x_wconf 89' lang='lat' dir='ltr'>Latinum;</span> 
     </span>
     <span class='ocr_line' id='line_1_6' title="bbox 451 1361 1502 1449; baseline -0.002 -21"><span class='ocrx_word' id='word_1_36' title='bbox 451 1364 538 1428; x_wconf 86' lang='lat' dir='ltr'>undo</span> <span class='ocrx_word' id='word_1_37' title='bbox 556 1364 678 1428; x_wconf 85' lang='lat' dir='ltr'>factum</span> <span class='ocrx_word' id='word_1_38' title='bbox 703 1364 856 1449; x_wconf 89' lang='lat' dir='ltr'>estquod</span> <span class='ocrx_word' id='word_1_39' title='bbox 879 1362 1019 1449; x_wconf 89' lang='lat' dir='ltr'>primam</span> <span class='ocrx_word' id='word_1_40' title='bbox 1042 1362 1112 1446; x_wconf 88' lang='lat' dir='ltr'>ejus</span> <span class='ocrx_word' id='word_1_41' title='bbox 1128 1361 1385 1442; x_wconf 83' lang='lat' dir='ltr'>translationem,</span> <span class='ocrx_word' id='word_1_42' title='bbox 1402 1384 1502 1448; x_wconf 89' lang='lat' dir='ltr'>quam</span> 
     </span>
     <span class='ocr_line' id='line_1_7' title="bbox 451 1463 1502 1550; baseline -0.001 -21"><span class='ocrx_word' id='word_1_43' title='bbox 451 1465 552 1550; x_wconf 84' lang='lat' dir='ltr'>vulgo</span> <span class='ocrx_word' id='word_1_44' title='bbox 586 1465 733 1544; x_wconf 87' lang='lat' dir='ltr'>tradidit,</span> <span class='ocrx_word' id='word_1_45' title='bbox 771 1465 949 1528; x_wconf 87' lang='lat' dir='ltr'>habeamus</span> <span class='ocrx_word' id='word_1_46' title='bbox 985 1464 1021 1527; x_wconf 93' lang='lat' dir='ltr'>in</span> <span class='ocrx_word' id='word_1_47' title='bbox 1056 1463 1184 1543; x_wconf 88' lang='lat' dir='ltr'>Bibliis,</span> <span class='ocrx_word' id='word_1_48' title='bbox 1216 1463 1295 1548; x_wconf 90' lang='lat' dir='ltr'>quia</span> <span class='ocrx_word' id='word_1_49' title='bbox 1327 1464 1397 1528; x_wconf 71' lang='lat' dir='ltr'>haec</span> <span class='ocrx_word' id='word_1_50' title='bbox 1434 1485 1502 1528; x_wconf 89' lang='lat' dir='ltr'>non</span> 
     </span>
     <span class='ocr_line' id='line_1_8' title="bbox 451 1563 1502 1651; baseline -0.003 -19"><span class='ocrx_word' id='word_1_51' title='bbox 451 1566 600 1632; x_wconf 89' lang='lat' dir='ltr'>continet</span> <span class='ocrx_word' id='word_1_52' title='bbox 627 1566 753 1651; x_wconf 89' lang='lat' dir='ltr'>aliquid</span> <span class='ocrx_word' id='word_1_53' title='bbox 786 1565 913 1630; x_wconf 86' lang='lat' dir='ltr'>falsum.</span> <span class='ocrx_word' id='word_1_54' title='bbox 960 1565 1006 1628; x_wconf 88' lang='lat' dir='ltr'>Et</span> <span class='ocrx_word' id='word_1_55' title='bbox 1039 1563 1384 1641; x_wconf 87' lang='lat' dir='ltr'>contra,Hebra&#39;1&#39;cam</span> <span class='ocrx_word' id='word_1_56' title='bbox 1414 1565 1502 1630; x_wconf 89' lang='lat' dir='ltr'>veri-</span> 
     </span>
     <span class='ocr_line' id='line_1_9' title="bbox 450 1666 1504 1753; baseline 0 -21"><span class='ocrx_word' id='word_1_57' title='bbox 450 1673 554 1733; x_wconf 85' lang='lat' dir='ltr'>tatem</span> <span class='ocrx_word' id='word_1_58' title='bbox 585 1670 687 1753; x_wconf 87' lang='lat' dir='ltr'>juxta</span> <span class='ocrx_word' id='word_1_59' title='bbox 724 1690 804 1753; x_wconf 89' lang='lat' dir='ltr'>quas</span> <span class='ocrx_word' id='word_1_60' title='bbox 827 1689 895 1732; x_wconf 90' lang='lat' dir='ltr'>esse</span> <span class='ocrx_word' id='word_1_61' title='bbox 917 1667 1027 1731; x_wconf 85' lang='lat' dir='ltr'>visum</span> <span class='ocrx_word' id='word_1_62' title='bbox 1065 1666 1131 1731; x_wconf 83' lang='lat' dir='ltr'>fuit</span> <span class='ocrx_word' id='word_1_63' title='bbox 1171 1667 1399 1751; x_wconf 84' lang='lat' dir='ltr'>interpretum,</span> <span class='ocrx_word' id='word_1_64' title='bbox 1423 1668 1504 1751; x_wconf 92' lang='lat' dir='ltr'>quia</span> 
     </span>
     <span class='ocr_line' id='line_1_10' title="bbox 449 1768 1499 1855; baseline 0 -22"><span class='ocrx_word' id='word_1_65' title='bbox 449 1771 621 1836; x_wconf 71' lang='lat' dir='ltr'>hacreticus</span> <span class='ocrx_word' id='word_1_66' title='bbox 645 1776 678 1835; x_wconf 88' lang='lat' dir='ltr'>et</span> <span class='ocrx_word' id='word_1_67' title='bbox 704 1768 856 1834; x_wconf 87' lang='lat' dir='ltr'>falsarius</span> <span class='ocrx_word' id='word_1_68' title='bbox 881 1771 1099 1855; x_wconf 89' lang='lat' dir='ltr'>reputabatur</span> <span class='ocrx_word' id='word_1_69' title='bbox 1125 1769 1293 1848; x_wconf 84' lang='lat' dir='ltr'>smaltis,</span> <span class='ocrx_word' id='word_1_70' title='bbox 1322 1772 1357 1833; x_wconf 89' lang='lat' dir='ltr'>et</span> <span class='ocrx_word' id='word_1_71' title='bbox 1387 1768 1499 1853; x_wconf 87' lang='lat' dir='ltr'>quasi¹</span> 
     </span>
     <span class='ocr_line' id='line_1_11' title="bbox 448 1871 1503 1958; baseline 0 -22"><span class='ocrx_word' id='word_1_72' title='bbox 448 1871 491 1936; x_wconf 89' lang='lat' dir='ltr'>ab</span> <span class='ocrx_word' id='word_1_73' title='bbox 530 1872 682 1936; x_wconf 90' lang='lat' dir='ltr'>omnibus</span> <span class='ocrx_word' id='word_1_74' title='bbox 711 1871 926 1957; x_wconf 83' lang='lat' dir='ltr'>judicabatur</span> <span class='ocrx_word' id='word_1_75' title='bbox 957 1871 994 1935; x_wconf 92' lang='lat' dir='ltr'>in</span> <span class='ocrx_word' id='word_1_76' title='bbox 1024 1872 1169 1958; x_wconf 88' lang='lat' dir='ltr'>pejorem</span> <span class='ocrx_word' id='word_1_77' title='bbox 1201 1876 1330 1956; x_wconf 87' lang='lat' dir='ltr'>partem</span> <span class='ocrx_word' id='word_1_78' title='bbox 1364 1876 1503 1957; x_wconf 90' lang='lat' dir='ltr'>propter</span> 
     </span>
     <span class='ocr_line' id='line_1_12' title="bbox 448 1972 1502 2057; baseline -0.001 -18"><span class='ocrx_word' id='word_1_79' title='bbox 448 1974 635 2039; x_wconf 78' lang='lat' dir='ltr'>novitatem</span> <span class='ocrx_word' id='word_1_80' title='bbox 671 1973 898 2039; x_wconf 85' lang='lat' dir='ltr'>translationis</span> <span class='ocrx_word' id='word_1_81' title='bbox 935 1973 1085 2050; x_wconf 84' lang='lat' dir='ltr'>conditae,</span> <span class='ocrx_word' id='word_1_82' title='bbox 1125 1972 1273 2038; x_wconf 88' lang='lat' dir='ltr'>editione</span> <span class='ocrx_word' id='word_1_83' title='bbox 1318 1994 1392 2057; x_wconf 82' lang='lat' dir='ltr'>quae</span> <span class='ocrx_word' id='word_1_84' title='bbox 1436 1973 1502 2038; x_wconf 88' lang='lat' dir='ltr'>fuit</span> 
     </span>
     <span class='ocr_line' id='line_1_13' title="bbox 448 2073 1500 2162; baseline -0.001 -22"><span class='ocrx_word' id='word_1_85' title='bbox 448 2076 569 2160; x_wconf 91' lang='lat' dir='ltr'>ubique</span> <span class='ocrx_word' id='word_1_86' title='bbox 593 2075 741 2161; x_wconf 87' lang='lat' dir='ltr'>vulgata,</span> <span class='ocrx_word' id='word_1_87' title='bbox 763 2076 832 2162; x_wconf 88' lang='lat' dir='ltr'>ipse</span> <span class='ocrx_word' id='word_1_88' title='bbox 864 2096 930 2140; x_wconf 91' lang='lat' dir='ltr'>non</span> <span class='ocrx_word' id='word_1_89' title='bbox 955 2074 1117 2160; x_wconf 84' lang='lat' dir='ltr'>expressit</span> <span class='ocrx_word' id='word_1_90' title='bbox 1139 2073 1266 2138; x_wconf 88' lang='lat' dir='ltr'>meliori</span> <span class='ocrx_word' id='word_1_91' title='bbox 1307 2074 1404 2138; x_wconf 90' lang='lat' dir='ltr'>modo</span> <span class='ocrx_word' id='word_1_92' title='bbox 1434 2096 1500 2159; x_wconf 91' lang='lat' dir='ltr'>quo</span> 
     </span>
     <span class='ocr_line' id='line_1_14' title="bbox 447 2173 1500 2261; baseline 0 -20"><span class='ocrx_word' id='word_1_93' title='bbox 447 2177 546 2242; x_wconf 90' lang='lat' dir='ltr'>scivit</span> <span class='ocrx_word' id='word_1_94' title='bbox 562 2177 760 2242; x_wconf 85' lang='lat' dir='ltr'>Hebra&#39;r&#39;eam</span> <span class='ocrx_word' id='word_1_95' title='bbox 776 2177 952 2242; x_wconf 87' lang='lat' dir='ltr'>veritatem</span> <span class='ocrx_word' id='word_1_96' title='bbox 974 2181 1008 2240; x_wconf 89' lang='lat' dir='ltr'>et</span> <span class='ocrx_word' id='word_1_97' title='bbox 1023 2176 1143 2261; x_wconf 91' lang='lat' dir='ltr'>potuit,</span> <span class='ocrx_word' id='word_1_98' title='bbox 1160 2176 1217 2239; x_wconf 89' lang='lat' dir='ltr'>sed</span> <span class='ocrx_word' id='word_1_99' title='bbox 1232 2196 1267 2240; x_wconf 90' lang='lat' dir='ltr'>se</span> <span class='ocrx_word' id='word_1_100' title='bbox 1282 2173 1500 2241; x_wconf 85' lang='lat' dir='ltr'>conformavit</span> 
     </span>
     <span class='ocr_line' id='line_1_15' title="bbox 447 2275 1498 2362; baseline 0.001 -20"><span class='ocrx_word' id='word_1_101' title='bbox 447 2278 657 2343; x_wconf 88' lang='lat' dir='ltr'>translationi</span> <span class='ocrx_word' id='word_1_102' title='bbox 673 2278 836 2362; x_wconf 73' lang='lat' dir='ltr'>Vulgata,</span> <span class='ocrx_word' id='word_1_103' title='bbox 853 2279 888 2341; x_wconf 91' lang='lat' dir='ltr'>in</span> <span class='ocrx_word' id='word_1_104' title='bbox 911 2277 1029 2362; x_wconf 89' lang='lat' dir='ltr'>quibus</span> <span class='ocrx_word' id='word_1_105' title='bbox 1049 2277 1171 2341; x_wconf 87' lang='lat' dir='ltr'>vitium</span> <span class='ocrx_word' id='word_1_106' title='bbox 1194 2275 1406 2341; x_wconf 78' lang='lat' dir='ltr'>manifestum</span> <span class='ocrx_word' id='word_1_107' title='bbox 1429 2299 1498 2343; x_wconf 90' lang='lat' dir='ltr'>non</span> 
     </span>
     <span class='ocr_line' id='line_1_16' title="bbox 446 2378 1498 2464; baseline 0.001 -22"><span class='ocrx_word' id='word_1_108' title='bbox 446 2379 518 2443; x_wconf 88' lang='lat' dir='ltr'>fuit.</span> <span class='ocrx_word' id='word_1_109' title='bbox 566 2379 610 2443; x_wconf 84' lang='lat' dir='ltr'>Et</span> <span class='ocrx_word' id='word_1_110' title='bbox 632 2378 693 2443; x_wconf 91' lang='lat' dir='ltr'>hoc</span> <span class='ocrx_word' id='word_1_111' title='bbox 715 2379 794 2442; x_wconf 79' lang='lat' dir='ltr'>fecit</span> <span class='ocrx_word' id='word_1_112' title='bbox 816 2384 950 2463; x_wconf 88' lang='lat' dir='ltr'>propter</span> <span class='ocrx_word' id='word_1_113' title='bbox 972 2399 1084 2464; x_wconf 87' lang='lat' dir='ltr'>paoem</span> <span class='ocrx_word' id='word_1_114' title='bbox 1116 2378 1257 2444; x_wconf 85' lang='lat' dir='ltr'>ecolesiae</span> <span class='ocrx_word' id='word_1_115' title='bbox 1288 2383 1322 2442; x_wconf 87' lang='lat' dir='ltr'>et</span> <span class='ocrx_word' id='word_1_116' title='bbox 1351 2378 1498 2443; x_wconf 88' lang='lat' dir='ltr'>virorum</span> 
     </span>
     <span class='ocr_line' id='line_1_17' title="bbox 446 2479 1500 2565; baseline 0.001 -21"><span class='ocrx_word' id='word_1_117' title='bbox 446 2486 633 2544; x_wconf 90' lang='lat' dir='ltr'>sanctorum</span> <span class='ocrx_word' id='word_1_118' title='bbox 665 2479 954 2544; x_wconf 87' lang='lat' dir='ltr'>ecelesiasticorum</span> <span class='ocrx_word' id='word_1_119' title='bbox 989 2480 1046 2565; x_wconf 92' lang='lat' dir='ltr'>qui</span> <span class='ocrx_word' id='word_1_120' title='bbox 1092 2479 1371 2545; x_wconf 86' lang='lat' dir='ltr'>contradixerunt.</span> <span class='ocrx_word' id='word_1_121' title='bbox 1432 2480 1500 2560; x_wconf 80' lang='lat' dir='ltr'>Qui</span> 
     </span>
     <span class='ocr_line' id='line_1_18' title="bbox 447 2581 1499 2666; baseline 0.003 -21"><span class='ocrx_word' id='word_1_122' title='bbox 447 2602 521 2645; x_wconf 90' lang='lat' dir='ltr'>cum</span> <span class='ocrx_word' id='word_1_123' title='bbox 556 2581 654 2646; x_wconf 85' lang='lat' dir='ltr'>scivit</span> <span class='ocrx_word' id='word_1_124' title='bbox 687 2602 780 2645; x_wconf 89' lang='lat' dir='ltr'>suam</span> <span class='ocrx_word' id='word_1_125' title='bbox 812 2581 896 2645; x_wconf 89' lang='lat' dir='ltr'>haue</span> <span class='ocrx_word' id='word_1_126' title='bbox 934 2581 1074 2666; x_wconf 89' lang='lat' dir='ltr'>primam</span> <span class='ocrx_word' id='word_1_127' title='bbox 1113 2581 1293 2646; x_wconf 89' lang='lat' dir='ltr'>editionem</span> <span class='ocrx_word' id='word_1_128' title='bbox 1329 2603 1398 2646; x_wconf 90' lang='lat' dir='ltr'>non</span> <span class='ocrx_word' id='word_1_129' title='bbox 1429 2604 1499 2648; x_wconf 82' lang='lat' dir='ltr'>esse</span> 
     </span>
     <span class='ocr_line' id='line_1_19' title="bbox 446 2681 1498 2765; baseline 0.004 -20"><span class='ocrx_word' id='word_1_130' title='bbox 446 2681 668 2758; x_wconf 88' lang='lat' dir='ltr'>sufficientem,</span> <span class='ocrx_word' id='word_1_131' title='bbox 686 2681 759 2746; x_wconf 90' lang='lat' dir='ltr'>ideo</span> <span class='ocrx_word' id='word_1_132' title='bbox 781 2682 917 2747; x_wconf 86' lang='lat' dir='ltr'>veritati</span> <span class='ocrx_word' id='word_1_133' title='bbox 940 2687 974 2746; x_wconf 90' lang='lat' dir='ltr'>et</span> <span class='ocrx_word' id='word_1_134' title='bbox 996 2682 1153 2748; x_wconf 85' lang='lat' dir='ltr'>studiosis</span> <span class='ocrx_word' id='word_1_135' title='bbox 1175 2683 1289 2747; x_wconf 88' lang='lat' dir='ltr'>volens</span> <span class='ocrx_word' id='word_1_136' title='bbox 1304 2681 1498 2765; x_wconf 81' lang='lat' dir='ltr'>satisfacere,</span> 
     </span>
     <span class='ocr_line' id='line_1_20' title="bbox 446 2787 1499 2874; baseline 0 -22"><span class='ocrx_word' id='word_1_137' title='bbox 446 2787 592 2852; x_wconf 87' lang='lat' dir='ltr'>decrevit</span> <span class='ocrx_word' id='word_1_138' title='bbox 629 2787 728 2852; x_wconf 90' lang='lat' dir='ltr'>aliam</span> <span class='ocrx_word' id='word_1_139' title='bbox 766 2787 1015 2852; x_wconf 86' lang='lat' dir='ltr'>translationem</span> <span class='ocrx_word' id='word_1_140' title='bbox 1058 2787 1242 2872; x_wconf 84' lang='lat' dir='ltr'>relinquero</span> <span class='ocrx_word' id='word_1_141' title='bbox 1286 2787 1324 2850; x_wconf 90' lang='lat' dir='ltr'>in</span> <span class='ocrx_word' id='word_1_142' title='bbox 1368 2788 1499 2874; x_wconf 87' lang='lat' dir='ltr'>scriptis</span> 
     </span>
     <span class='ocr_line' id='line_1_21' title="bbox 445 2887 1499 2975; baseline 0 -21"><span class='ocrx_word' id='word_1_143' title='bbox 445 2891 587 2967; x_wconf 87' lang='lat' dir='ltr'>secretis,</span> <span class='ocrx_word' id='word_1_144' title='bbox 626 2889 750 2956; x_wconf 87' lang='lat' dir='ltr'>scilieet</span> <span class='ocrx_word' id='word_1_145' title='bbox 788 2889 824 2953; x_wconf 91' lang='lat' dir='ltr'>in</span> <span class='ocrx_word' id='word_1_146' title='bbox 862 2889 930 2953; x_wconf 91' lang='lat' dir='ltr'>suis</span> <span class='ocrx_word' id='word_1_147' title='bbox 967 2888 1192 2975; x_wconf 82' lang='lat' dir='ltr'>originalibus,</span> <span class='ocrx_word' id='word_1_148' title='bbox 1232 2887 1321 2973; x_wconf 90' lang='lat' dir='ltr'>quod</span> <span class='ocrx_word' id='word_1_149' title='bbox 1358 2893 1393 2954; x_wconf 90' lang='lat' dir='ltr'>et</span> <span class='ocrx_word' id='word_1_150' title='bbox 1425 2889 1499 2954; x_wconf 90' lang='lat' dir='ltr'>fieri</span> 
     </span>
     <span class='ocr_line' id='line_1_22' title="bbox 445 2988 1498 3077; baseline 0.001 -23"><span class='ocrx_word' id='word_1_151' title='bbox 445 2992 556 3077; x_wconf 89' lang='lat' dir='ltr'>potuit</span> <span class='ocrx_word' id='word_1_152' title='bbox 593 2992 664 3056; x_wconf 87' lang='lat' dir='ltr'>sine</span> <span class='ocrx_word' id='word_1_153' title='bbox 693 2991 787 3076; x_wconf 85' lang='lat' dir='ltr'>vulgi</span> <span class='ocrx_word' id='word_1_154' title='bbox 819 2989 980 3069; x_wconf 88' lang='lat' dir='ltr'>scandalo,</span> <span class='ocrx_word' id='word_1_155' title='bbox 1005 2989 1083 3075; x_wconf 91' lang='lat' dir='ltr'>quia</span> <span class='ocrx_word' id='word_1_156' title='bbox 1116 2990 1186 3054; x_wconf 70' lang='lat' dir='ltr'>haee</span> <span class='ocrx_word' id='word_1_157' title='bbox 1217 2988 1361 3053; x_wconf 88' lang='lat' dir='ltr'>secunda</span> <span class='ocrx_word' id='word_1_158' title='bbox 1394 2990 1498 3055; x_wconf 86' lang='lat' dir='ltr'>editio</span> 
     </span>
     <span class='ocr_line' id='line_1_23' title="bbox 446 3091 1497 3179; baseline 0.001 -22"><span class='ocrx_word' id='word_1_159' title='bbox 446 3115 616 3179; x_wconf 88' lang='lat' dir='ltr'>nunquam</span> <span class='ocrx_word' id='word_1_160' title='bbox 639 3093 704 3157; x_wconf 86' lang='lat' dir='ltr'>fuit</span> <span class='ocrx_word' id='word_1_161' title='bbox 726 3093 833 3157; x_wconf 88' lang='lat' dir='ltr'>adhuc</span> <span class='ocrx_word' id='word_1_162' title='bbox 854 3094 890 3156; x_wconf 92' lang='lat' dir='ltr'>in</span> <span class='ocrx_word' id='word_1_163' title='bbox 913 3113 975 3155; x_wconf 90' lang='lat' dir='ltr'>usu</span> <span class='ocrx_word' id='word_1_164' title='bbox 998 3091 1091 3177; x_wconf 82' lang='lat' dir='ltr'>vulgi</span> <span class='ocrx_word' id='word_1_165' title='bbox 1113 3112 1217 3175; x_wconf 89' lang='lat' dir='ltr'>neque</span> <span class='ocrx_word' id='word_1_166' title='bbox 1242 3091 1391 3169; x_wconf 72' lang='lat' dir='ltr'>eeclesias,</span> <span class='ocrx_word' id='word_1_167' title='bbox 1415 3113 1497 3177; x_wconf 75' lang='lat' dir='ltr'>prae·</span> 
     </span>
     <span class='ocr_line' id='line_1_24' title="bbox 445 3192 1499 3279; baseline -0.001 -20"><span class='ocrx_word' id='word_1_168' title='bbox 445 3196 560 3259; x_wconf 87' lang='lat' dir='ltr'>sertim</span> <span class='ocrx_word' id='word_1_169' title='bbox 582 3218 657 3259; x_wconf 89' lang='lat' dir='ltr'>cum</span> <span class='ocrx_word' id='word_1_170' title='bbox 680 3195 714 3258; x_wconf 90' lang='lat' dir='ltr'>in</span> <span class='ocrx_word' id='word_1_171' title='bbox 746 3195 835 3258; x_wconf 90' lang='lat' dir='ltr'>omni</span> <span class='ocrx_word' id='word_1_172' title='bbox 858 3200 1003 3279; x_wconf 87' lang='lat' dir='ltr'>tempore</span> <span class='ocrx_word' id='word_1_173' title='bbox 1026 3194 1091 3256; x_wconf 81' lang='lat' dir='ltr'>viri</span> <span class='ocrx_word' id='word_1_174' title='bbox 1121 3192 1309 3279; x_wconf 87' lang='lat' dir='ltr'>paucissimi</span> <span class='ocrx_word' id='word_1_175' title='bbox 1339 3193 1391 3256; x_wconf 90' lang='lat' dir='ltr'>usi</span> <span class='ocrx_word' id='word_1_176' title='bbox 1420 3200 1499 3258; x_wconf 89' lang='lat' dir='ltr'>sunt</span> 
     </span>
     <span class='ocr_line' id='line_1_25' title="bbox 446 3295 1497 3381; baseline 0.001 -22"><span class='ocrx_word' id='word_1_177' title='bbox 446 3296 660 3381; x_wconf 81' lang='lat' dir='ltr'>originalibus</span> <span class='ocrx_word' id='word_1_178' title='bbox 692 3296 743 3359; x_wconf 87' lang='lat' dir='ltr'>sui</span> <span class='ocrx_word' id='word_1_179' title='bbox 774 3295 972 3381; x_wconf 86' lang='lat' dir='ltr'>Hieronymi</span> <span class='ocrx_word' id='word_1_180' title='bbox 1010 3317 1108 3380; x_wconf 86' lang='lat' dir='ltr'>super·</span> <span class='ocrx_word' id='word_1_181' title='bbox 1145 3299 1285 3371; x_wconf 84' lang='lat' dir='ltr'>textum,</span> <span class='ocrx_word' id='word_1_182' title='bbox 1317 3295 1367 3359; x_wconf 90' lang='lat' dir='ltr'>ita</span> <span class='ocrx_word' id='word_1_183' title='bbox 1396 3295 1497 3360; x_wconf 86' lang='lat' dir='ltr'>etiam</span> 
     </span>
     <span class='ocr_line' id='line_1_26' title="bbox 446 3395 1499 3463; baseline 0.002 -3"><span class='ocrx_word' id='word_1_184' title='bbox 446 3402 485 3461; x_wconf 90' lang='lat' dir='ltr'>ut</span> <span class='ocrx_word' id='word_1_185' title='bbox 510 3397 665 3460; x_wconf 72' lang='lat' dir='ltr'>itatenus</span> <span class='ocrx_word' id='word_1_186' title='bbox 688 3402 723 3461; x_wconf 90' lang='lat' dir='ltr'>et</span> <span class='ocrx_word' id='word_1_187' title='bbox 746 3396 957 3463; x_wconf 84' lang='lat' dir='ltr'>Cassiodorus</span> <span class='ocrx_word' id='word_1_188' title='bbox 980 3395 1045 3460; x_wconf 89' lang='lat' dir='ltr'>viri</span> <span class='ocrx_word' id='word_1_189' title='bbox 1076 3397 1223 3461; x_wconf 84' lang='lat' dir='ltr'>doctores</span> <span class='ocrx_word' id='word_1_190' title='bbox 1255 3396 1435 3461; x_wconf 85' lang='lat' dir='ltr'>docuerunt</span> <span class='ocrx_word' id='word_1_191' title='bbox 1464 3419 1499 3462; x_wconf 88' lang='lat' dir='ltr'>se</span> 
     </span>
     <span class='ocr_line' id='line_1_27' title="bbox 446 3497 1498 3583; baseline 0 -22"><span class='ocrx_word' id='word_1_192' title='bbox 446 3519 513 3562; x_wconf 89' lang='lat' dir='ltr'>non</span> <span class='ocrx_word' id='word_1_193' title='bbox 537 3520 630 3583; x_wconf 86' lang='lat' dir='ltr'>posse</span> <span class='ocrx_word' id='word_1_194' title='bbox 653 3498 763 3562; x_wconf 90' lang='lat' dir='ltr'>onmia</span> <span class='ocrx_word' id='word_1_195' title='bbox 793 3498 863 3581; x_wconf 91' lang='lat' dir='ltr'>ejus</span> <span class='ocrx_word' id='word_1_196' title='bbox 887 3497 1060 3582; x_wconf 84' lang='lat' dir='ltr'>originalia</span> <span class='ocrx_word' id='word_1_197' title='bbox 1090 3497 1247 3574; x_wconf 89' lang='lat' dir='ltr'>invenire,</span> <span class='ocrx_word' id='word_1_198' title='bbox 1272 3498 1357 3562; x_wconf 87' lang='lat' dir='ltr'>sicut</span> <span class='ocrx_word' id='word_1_199' title='bbox 1389 3498 1498 3562; x_wconf 85' lang='lat' dir='ltr'>Raba-</span> 
     </span>
     <span class='ocr_line' id='line_1_28' title="bbox 447 3597 1498 3684; baseline 0.001 -22"><span class='ocrx_word' id='word_1_200' title='bbox 447 3622 510 3664; x_wconf 89' lang='lat' dir='ltr'>nus</span> <span class='ocrx_word' id='word_1_201' title='bbox 540 3598 658 3663; x_wconf 79' lang='lat' dir='ltr'>recitat</span> <span class='ocrx_word' id='word_1_202' title='bbox 681 3620 778 3684; x_wconf 88' lang='lat' dir='ltr'>super</span> <span class='ocrx_word' id='word_1_203' title='bbox 800 3599 979 3664; x_wconf 84' lang='lat' dir='ltr'>Jeremiam</span> <span class='ocrx_word' id='word_1_204' title='bbox 1010 3598 1047 3661; x_wconf 91' lang='lat' dir='ltr'>in</span> <span class='ocrx_word' id='word_1_205' title='bbox 1069 3597 1231 3684; x_wconf 86' lang='lat' dir='ltr'>originali.</span> <span class='ocrx_word' id='word_1_206' title='bbox 1279 3598 1363 3664; x_wconf 86' lang='lat' dir='ltr'>Cum</span> <span class='ocrx_word' id='word_1_207' title='bbox 1393 3599 1498 3684; x_wconf 83' lang='lat' dir='ltr'>igitur</span> 
     </span>
     <span class='ocr_line' id='line_1_29' title="bbox 446 3700 1497 3787; baseline -0.001 -22"><span class='ocrx_word' id='word_1_208' title='bbox 446 3724 514 3767; x_wconf 89' lang='lat' dir='ltr'>non</span> <span class='ocrx_word' id='word_1_209' title='bbox 546 3701 804 3766; x_wconf 70' lang='lat' dir='ltr'>scandalizant2</span> <span class='ocrx_word' id='word_1_210' title='bbox 839 3724 897 3787; x_wconf 80' lang='lat' dir='ltr'>per</span> <span class='ocrx_word' id='word_1_211' title='bbox 930 3701 1014 3764; x_wconf 86' lang='lat' dir='ltr'>hanc</span> <span class='ocrx_word' id='word_1_212' title='bbox 1045 3701 1219 3765; x_wconf 89' lang='lat' dir='ltr'>secundam</span> <span class='ocrx_word' id='word_1_213' title='bbox 1249 3700 1497 3765; x_wconf 87' lang='lat' dir='ltr'>translationem</span> 
     </span>
     <span class='ocr_line' id='line_1_30' title="bbox 446 3801 1498 3888; baseline 0.001 -21"><span class='ocrx_word' id='word_1_214' title='bbox 446 3804 481 3867; x_wconf 92' lang='lat' dir='ltr'>iu</span> <span class='ocrx_word' id='word_1_215' title='bbox 519 3804 639 3888; x_wconf 87' lang='lat' dir='ltr'>aliqu0,</span> <span class='ocrx_word' id='word_1_216' title='bbox 679 3808 713 3868; x_wconf 92' lang='lat' dir='ltr'>et</span> <span class='ocrx_word' id='word_1_217' title='bbox 750 3807 857 3868; x_wconf 90' lang='lat' dir='ltr'>totam</span> <span class='ocrx_word' id='word_1_218' title='bbox 892 3802 1068 3867; x_wconf 85' lang='lat' dir='ltr'>veritatem</span> <span class='ocrx_word' id='word_1_219' title='bbox 1115 3801 1313 3866; x_wconf 81' lang='lat' dir='ltr'>Hebraicam</span> <span class='ocrx_word' id='word_1_220' title='bbox 1353 3802 1498 3868; x_wconf 85' lang='lat' dir='ltr'>decrevit</span> 
     </span>
     <span class='ocr_line' id='line_1_31' title="bbox 444 3902 1498 3989; baseline 0 -20"><span class='ocrx_word' id='word_1_221' title='bbox 444 3906 574 3970; x_wconf 86' lang='lat' dir='ltr'>tradere</span> <span class='ocrx_word' id='word_1_222' title='bbox 598 3904 725 3969; x_wconf 87' lang='lat' dir='ltr'>Latinis</span> <span class='ocrx_word' id='word_1_223' title='bbox 755 3903 920 3982; x_wconf 88' lang='lat' dir='ltr'>studiosis,</span> <span class='ocrx_word' id='word_1_224' title='bbox 944 3902 1018 3967; x_wconf 93' lang='lat' dir='ltr'>ideo</span> <span class='ocrx_word' id='word_1_225' title='bbox 1045 3904 1129 3968; x_wconf 90' lang='lat' dir='ltr'>hanc</span> <span class='ocrx_word' id='word_1_226' title='bbox 1158 3903 1334 3967; x_wconf 85' lang='lat' dir='ltr'>secundam</span> <span class='ocrx_word' id='word_1_227' title='bbox 1363 3904 1498 3989; x_wconf 88' lang='lat' dir='ltr'>reliquit</span> 
     </span>
     <span class='ocr_line' id='line_1_32' title="bbox 445 4004 1496 4093; baseline -0.001 -22"><span class='ocrx_word' id='word_1_228' title='bbox 445 4008 480 4071; x_wconf 92' lang='lat' dir='ltr'>in</span> <span class='ocrx_word' id='word_1_229' title='bbox 508 4007 745 4093; x_wconf 83' lang='lat' dir='ltr'>originalibus3</span> <span class='ocrx_word' id='word_1_230' title='bbox 776 4028 835 4071; x_wconf 86' lang='lat' dir='ltr'>nec</span> <span class='ocrx_word' id='word_1_231' title='bbox 863 4004 990 4069; x_wconf 88' lang='lat' dir='ltr'>Latinis</span> <span class='ocrx_word' id='word_1_232' title='bbox 1013 4005 1124 4091; x_wconf 91' lang='lat' dir='ltr'>potuit</span> <span class='ocrx_word' id='word_1_233' title='bbox 1147 4005 1301 4069; x_wconf 83' lang='lat' dir='ltr'>disserere</span> <span class='ocrx_word' id='word_1_234' title='bbox 1333 4011 1368 4070; x_wconf 87' lang='lat' dir='ltr'>et</span> <span class='ocrx_word' id='word_1_235' title='bbox 1397 4027 1496 4090; x_wconf 82' lang='lat' dir='ltr'>expo·</span> 
     </span>
     <span class='ocr_line' id='line_1_33' title="bbox 445 4106 1497 4192; baseline -0.002 -18"><span class='ocrx_word' id='word_1_236' title='bbox 445 4131 522 4174; x_wconf 84' lang='lat' dir='ltr'>nere</span> <span class='ocrx_word' id='word_1_237' title='bbox 537 4110 721 4174; x_wconf 86' lang='lat' dir='ltr'>veritatem.</span> <span class='ocrx_word' id='word_1_238' title='bbox 769 4109 814 4172; x_wconf 84' lang='lat' dir='ltr'>Et</span> <span class='ocrx_word' id='word_1_239' title='bbox 829 4109 871 4171; x_wconf 89' lang='lat' dir='ltr'>ad</span> <span class='ocrx_word' id='word_1_240' title='bbox 888 4107 1074 4192; x_wconf 85' lang='lat' dir='ltr'>hujusmodi</span> <span class='ocrx_word' id='word_1_241' title='bbox 1090 4106 1372 4172; x_wconf 87' lang='lat' dir='ltr'>confirmationem</span> <span class='ocrx_word' id='word_1_242' title='bbox 1392 4107 1497 4173; x_wconf 85' lang='lat' dir='ltr'>dicere</span> 
     </span>
     <span class='ocr_line' id='line_1_34' title="bbox 445 4208 1496 4295; baseline 0 -23"><span class='ocrx_word' id='word_1_243' title='bbox 445 4232 585 4294; x_wconf 87' lang='lat' dir='ltr'>possum,</span> <span class='ocrx_word' id='word_1_244' title='bbox 610 4211 698 4295; x_wconf 89' lang='lat' dir='ltr'>quod</span> <span class='ocrx_word' id='word_1_245' title='bbox 720 4212 865 4275; x_wconf 88' lang='lat' dir='ltr'>bumana</span> <span class='ocrx_word' id='word_1_246' title='bbox 887 4208 1067 4293; x_wconf 80' lang='lat' dir='ltr'>fragilitate</span> <span class='ocrx_word' id='word_1_247' title='bbox 1091 4209 1240 4273; x_wconf 88' lang='lat' dir='ltr'>devictus</span> <span class='ocrx_word' id='word_1_248' title='bbox 1262 4209 1306 4272; x_wconf 87' lang='lat' dir='ltr'>ad</span> <span class='ocrx_word' id='word_1_249' title='bbox 1336 4213 1496 4293; x_wconf 88' lang='lat' dir='ltr'>quantum</span> 
     </span>
     <span class='ocr_line' id='line_1_35' title="bbox 446 4311 1496 4397; baseline 0.003 -23"><span class='ocrx_word' id='word_1_250' title='bbox 446 4311 557 4395; x_wconf 89' lang='lat' dir='ltr'>potuit</span> <span class='ocrx_word' id='word_1_251' title='bbox 588 4311 623 4374; x_wconf 91' lang='lat' dir='ltr'>in</span> <span class='ocrx_word' id='word_1_252' title='bbox 658 4334 717 4376; x_wconf 88' lang='lat' dir='ltr'>sua</span> <span class='ocrx_word' id='word_1_253' title='bbox 748 4313 854 4397; x_wconf 90' lang='lat' dir='ltr'>prima</span> <span class='ocrx_word' id='word_1_254' title='bbox 886 4311 1031 4376; x_wconf 85' lang='lat' dir='ltr'>editione</span> <span class='ocrx_word' id='word_1_255' title='bbox 1070 4311 1228 4388; x_wconf 76' lang='lat' dir='ltr'>aberrare,</span> <span class='ocrx_word' id='word_1_256' title='bbox 1262 4316 1295 4376; x_wconf 89' lang='lat' dir='ltr'>et</span> <span class='ocrx_word' id='word_1_257' title='bbox 1329 4311 1496 4377; x_wconf 84' lang='lat' dir='ltr'>celeritate</span> 
     </span>
    </p>
   </div>
   <div class='ocr_carea' id='block_1_3' title="bbox 480 4631 1496 4702">
    <p class='ocr_par' dir='ltr' id='par_1_3' title="bbox 480 4631 1496 4702">
     <span class='ocr_line' id='line_1_36' title="bbox 480 4631 1496 4702; baseline 0.007 -24"><span class='ocrx_word' id='word_1_258' title='bbox 480 4632 485 4660; x_wconf 96' lang='lat'>¹</span> <span class='ocrx_word' id='word_1_259' title='bbox 499 4631 583 4695; x_wconf 67' lang='lat' dir='ltr'>pecual]</span> <span class='ocrx_word' id='word_1_260' title='bbox 603 4631 668 4696; x_wconf 82' lang='lat' dir='ltr'>qnia,</span> <span class='ocrx_word' id='word_1_261' title='bbox 680 4633 764 4698; x_wconf 82' lang='lat' dir='ltr'>llody.</span> <span class='ocrx_word' id='word_1_262' title='bbox 962 4633 966 4699; x_wconf 94' lang='grc' dir='ltr'>Ι</span> <span class='ocrx_word' id='word_1_263' title='bbox 1025 4635 1236 4702; x_wconf 74' lang='lat' dir='ltr'>²scandulizuvit]</span> <span class='ocrx_word' id='word_1_264' title='bbox 1249 4637 1425 4694; x_wconf 72' lang='lat' dir='ltr'>scandalizant,</span> <span class='ocrx_word' id='word_1_265' title='bbox 1440 4635 1496 4686; x_wconf 81' lang='lat' dir='ltr'>MS.</span> 
     </span>
    </p>
   </div>
   <div class='ocr_carea' id='block_1_4' title="bbox 0 0 1798 5640">
    <p class='ocr_par' dir='ltr' id='par_1_4' title="bbox 0 0 1798 5640">
     <span class='ocr_line' id='line_1_37' title="bbox 0 0 1798 5640; baseline 0 3"><span class='ocrx_word' id='word_1_266' title='bbox 0 0 1798 5640; x_wconf 95' lang='lat' dir='ltr'> </span> 
     </span>
    </p>
   </div>
  </div>
 </body>
</html>
