3586 5640
457 750 521 816 192
689 776 690 780 ¹
838 761 966 811 nosnnr
990 761 1137 811 nicorns
1417 747 1503 836 [car.

284 945 405 997 fromthe
454 938 586 1023 poralia,
610 958 685 1023 qnae
708 938 770 1003 sub
793 942 938 1024 tempore
961 935 1092 1000 cadunt.
1155 937 1200 1001 Et
1222 935 1295 1001 ideo
1318 935 1506 1023 spiritualia

284 1013 423 1131 {ffiffi
453 1046 487 1106 et
524 1041 751 1128 permanentia
781 1041 817 1106 in
854 1062 913 1105 suo
950 1062 1019 1105 esse
1057 1039 1247 1105 invariabili
1286 1061 1355 1104 non
1403 1040 1506 1126 perci-

286 1146 341 1199 rial
452 1144 562 1232 pimus
604 1144 710 1231 primo
748 1143 869 1209 mentis
908 1143 1043 1221 intuitu,
1081 1164 1142 1207 nec
1163 1141 1274 1229 aliquo
1306 1142 1412 1222 modo,
1440 1143 1506 1207 nisi

453 1248 586 1334 quando
619 1247 877 1312 abstraxerimus
907 1245 1053 1311 animum
1077 1267 1098 1310 a
1120 1245 1342 1332 corporalibus
1364 1250 1399 1312 et
1421 1251 1505 1312 tem·

453 1350 627 1436 poralibus,
662 1354 697 1415 et
728 1349 975 1415 transiverimus
1007 1348 1082 1414 base.
1130 1348 1196 1414 Sed
1231 1354 1310 1415 tunc
1342 1341 1505 1435 quantum

454 1459 505 1518 est
542 1453 582 1518 de
612 1457 775 1539 potestate
809 1452 999 1518 intellectus
1021 1451 1138 1532 nostri,
1162 1450 1233 1517 sine
1265 1452 1397 1538 speciali
1429 1452 1504 1517 illu·

454 1555 635 1622 minatione
666 1576 734 1621 non
768 1576 939 1642 possumus
985 1554 1170 1641 intelligere
1208 1553 1406 1640 hujusmodi,
1442 1557 1507 1621 nisi

453 1681 512 1746 per
533 1658 752 1746 privationem
783 1658 1000 1745 corporalium
1032 1663 1067 1723 et
1099 1656 1353 1744 temporalium,
1376 1663 1411 1723 et
1438 1680 1506 1724 non

454 1784 512 1849 per
544 1761 747 1848 positionem.
816 1760 862 1826 Et
903 1759 978 1825 ideo
1021 1781 1095 1826 cum
1137 1781 1266 1826 summa
1311 1758 1506 1827 difficultate

454 1864 650 1951 percipimus
688 1885 756 1929 esse
787 1861 1011 1949 spiritualium
1044 1866 1079 1928 et
1110 1863 1383 1950 permanentium,
1418 1865 1506 1948 quod

454 1972 663 2032 mensuratur
691 1987 764 2032 sevo
786 1965 983 2030 indivisibili
1006 1971 1041 2031 et
1062 1965 1265 2052 impartibili.
1327 1963 1364 2031 Si
1393 1971 1505 2032 tamen

455 2069 595 2136 velimus
625 2070 719 2156 sequi
751 2068 966 2156 philosophias
1000 2067 1187 2149 veritatem,
1215 2073 1249 2134 et
1277 2074 1408 2141 sanctos
1438 2091 1507 2134 ma·

451 2171 548 2258 jones,
583 2176 619 2238 et
655 2192 818 2237 sermones
855 2170 1007 2257 vulgatos
1040 2191 1211 2256 exponere,
1240 2171 1385 2237 dicemus
1419 2172 1507 2258 quod

457 2274 636 2340 secundum
666 2296 700 2339 se
732 2295 800 2339 non
828 2279 879 2339 est
905 2273 1117 2358 divisibilitas
1147 2274 1183 2338 in
1213 2295 1294 2355 aevo,
1316 2275 1374 2340 sed
1396 2279 1506 2340 totum

457 2376 556 2442 simul
578 2380 648 2455 est3
686 2377 764 2462 quia
801 2397 871 2442 esse
908 2397 1103 2462 permanens
1137 2381 1187 2441 est
1225 2398 1283 2462 per
1321 2378 1507 2464 oppositum

290 2492 409 2546 nomm
458 2479 502 2545 ad
556 2479 797 2545 successionem.
866 2477 904 2544 Si
949 2484 1062 2544 tamen
1117 2478 1341 2545 consideretur·
1396 2502 1507 2547 aevum

288 2561 414 2678 ffffln
458 2587 606 2669 respectu
645 2581 809 2667 temporis,
847 2581 894 2647 sic
930 2581 1109 2647 secundum
1153 2582 1353 2648 locutionem
1392 2584 1509 2648 damus

290 2694 383 2747 solvet
458 2686 488 2750 ei
534 2685 806 2764 divisibilitatem,
852 2684 1032 2750 secundum
1077 2684 1166 2770 quod
1222 2690 1352 2772 tempus
1406 2685 1509 2752 habet

457 2789 549 2875 prius
582 2794 617 2854 st
651 2786 813 2874 posterius
825 2811 833 2867 ;
868 2791 903 2852 et
936 2787 983 2851 sic
1015 2786 1154 2852 dicimus
1186 2787 1275 2873 quod
1309 2787 1421 2853 anima
1452 2811 1510 2876 pn·

457 2891 520 2958 tris
556 2896 606 2957 cst
643 2890 743 2978 prius,
774 2911 874 2975 quam
912 2890 1023 2955 anima
1053 2887 1122 2968 filii,
1146 2895 1281 2977 propter·
1314 2891 1509 2957 distantiam

458 2995 682 3081 temporalem,
721 2997 755 3058 et
772 2998 773 3001 ’
793 2991 991 3080 principium
1029 2991 1146 3058 mundi
1184 2997 1235 3058 est
1279 2993 1370 3080 prius
1409 3016 1509 3080 quem

458 3097 580 3163 creatio
617 3095 755 3181 alicujus
777 3095 814 3160 in
844 3095 909 3160 fine
926 3093 930 3101 ’
946 3094 1071 3160 mundi.
1133 3093 1199 3161 Sed
1237 3095 1265 3159 si
1302 3096 1511 3162 absolvamus

459 3221 569 3265 revum
600 3221 621 3263 a
659 3198 901 3284 comparatione
940 3198 1009 3283 ejus
1052 3198 1095 3262 ad
1137 3203 1275 3284 tempus,
1320 3203 1400 3264 tunc
1441 3220 1509 3265 non

459 3306 510 3366 est
532 3300 645 3365 anima
677 3301 781 3387 patris
815 3301 905 3387 prior
936 3300 1047 3364 anima
1069 3299 1140 3380 filii,
1163 3300 1221 3365 sed
1243 3300 1350 3378 simul,
1385 3301 1438 3367 vel
1473 3301 1510 3367 in

460 3403 574 3468 eodem
604 3425 677 3468 aevo
715 3407 796 3481 toto,
836 3403 914 3467 licet
951 3407 1114 3488 quantum
1137 3403 1180 3467 ad
1202 3408 1333 3488 tempus
1362 3403 1508 3469 conside·

459 3510 569 3571 retum
593 3504 680 3570 inter
707 3506 787 3570 duas
810 3505 991 3570 creationes
1022 3504 1067 3569 sit
1098 3505 1146 3569 ibi
1169 3505 1259 3591 prius
1282 3511 1317 3570 et
1339 3506 1509 3592 posterius

460 3609 505 3673 Et
529 3608 607 3693 quia
629 3630 725 3694 super
747 3607 808 3673 hoc
823 3630 951 3694 semper
972 3608 1077 3673 fertur
1099 3608 1286 3674 intellectus
1300 3614 1419 3688 noster,
1436 3609 1510 3674 ideo

459 3710 589 3776 difficile
613 3716 663 3776 est
685 3709 781 3775 nobis
804 3710 1007 3776 considerare
1037 3710 1199 3797 quomodo
1231 3710 1267 3776 in
1301 3712 1414 3776 eodem
1438 3733 1510 3777 aevo

460 3819 538 3880 sunt
562 3813 681 3880 animae
715 3813 820 3899 patris
853 3817 887 3878 et
920 3813 991 3893 filii,
1024 3818 1059 3879 et
1089 3813 1252 3899 quomodo
1274 3819 1422 3900 respectu
1447 3815 1512 3880 aevi

461 3917 609 3983 absolute
632 3917 701 3981 sint
722 3915 823 3981 simul
845 3917 955 3982 omnia
977 3917 1214 4003 permanentia.

294 4043 392 4095 &cond
508 4019 658 4085 Secundo
694 4019 848 4104 objicitur
884 4019 973 4105 quod
1003 4041 1077 4084 cum
1110 4019 1242 4085 duratio
1276 4021 1439 4101 aeviterni,
1471 4027 1511 4087 ut

294 4111 437 4225 ffition:
463 4121 636 4205 cujuslibet
659 4121 838 4186 mensurati
861 4143 933 4188 aevo
956 4122 1000 4187 sit
1023 4122 1162 4200 infinita,
1186 4122 1240 4188 vel
1263 4123 1333 4189 sine
1367 4123 1441 4203 fine,
1477 4135 1512 4189 et

292 4186 408 4320 iterii„
463 4244 529 4286 non
556 4228 606 4288 eu
633 4224 680 4288 in
704 4224 859 4289 suessio
884 4229 918 4289 e
944 4223 1073 4290 seditio
1096 4225 1132 4289 in
1156 4225 1316 4312 partibus,
1344 4233 1425 4292 cuno
1447 4227 1512 4292 ern

293 4308 450 4440 ffillffi
462 4323 632 4388 infinitum
654 4325 688 4388 in
720 4330 804 4402 actu,
841 4325 930 4410 quod
955 4331 1006 4392 est
1030 4328 1231 4414 impossibile
1261 4330 1297 4393 in
1323 4351 1392 4395 esee
1424 4351 1513 4395 crea·

294 4441 428 4518 <infinitus
464 4431 567 4490 turne:
604 4426 647 4490 ed
669 4425 731 4491 hoc
753 4433 866 4493 tamen
891 4428 1066 4494 dicendum
1089 4430 1178 4516 quod
1204 4431 1293 4496 mala
1319 4432 1511 4518 imaginatio

294 4524 318 4555 ”¹
331 4510 409 4572 ΜΝ)
464 4527 585 4612 decipit
601 4549 660 4593 nos
685 4528 769 4593 sicut
792 4528 889 4614 prius.
922 4531 1010 4601 Nam
1033 4532 1191 4601 debemus
1212 4534 1266 4598 hic
1291 4533 1505 4611 considerare,
