3586 5640
309 799 371 887 vu]
643 811 875 862 compununt
897 810 1023 861 srunn.
1296 801 1361 865 435

305 1011 345 1055 sa
382 1010 456 1074 quae
493 990 535 1054 de
573 987 677 1054 causis
712 985 953 1051 universalibus
988 984 1183 1053 inferuntur.
1248 988 1360 1055 Prima

306 1092 409 1178 igitur
431 1093 517 1158 ratio
539 1091 657 1156 horum
679 1088 840 1174 estquod
872 1109 984 1152 omnes
1007 1091 1121 1168 sancti,
1144 1095 1179 1155 et
1202 1090 1358 1169 doctores,

307 1199 342 1259 st
375 1194 569 1280 philosophi,
605 1198 639 1258 et
672 1195 787 1276 poetae,
826 1195 861 1256 et
890 1196 1040 1255 auctores
1071 1194 1301 1277 grammatices,
1326 1201 1361 1260 et

307 1318 419 1361 omnes
456 1296 620 1382 sapientes
658 1293 771 1359 Latini
808 1292 1045 1358 laboravenmt
1076 1295 1112 1360 in
1144 1296 1196 1360 his
1228 1297 1359 1383 linguis,

306 1402 441 1484 propter
484 1398 711 1462 necessitatem
757 1395 929 1481 sapientius
963 1396 1086 1462 divinae
1125 1403 1160 1462 et
1197 1397 1358 1466 humanae.

308 1499 375 1565 Sed
397 1521 457 1564 nos
479 1521 592 1564 sumus
622 1499 684 1563 filii
713 1503 748 1563 et
771 1519 969 1562 successores
997 1498 1247 1584 prnedictorum3
1279 1524 1359 1587 qua

307 1606 443 1688 propter
464 1601 623 1667 debemus
656 1623 710 1666 eos
744 1599 878 1676 imitari,
903 1605 963 1665 aut
985 1602 1102 1666 meritc
1125 1602 1361 1689 redarguemus

307 1704 349 1769 de
371 1703 504 1769 infinita
522 1704 677 1784 stultitia,
694 1724 769 1768 cum
793 1702 943 1788 praedicti
966 1703 1092 1768 fuerint
1114 1706 1357 1790 sapientissimi,

306 1810 341 1871 et
364 1806 406 1872 ob
429 1828 573 1871 amorem
596 1805 765 1891 sapientise
788 1804 911 1868 talibus
934 1825 968 1868 sc
992 1805 1162 1872 dederunt.
1209 1807 1360 1874 Secunda

306 1909 392 1974 ratio
423 1913 474 1973 est
505 1909 594 1994 quod
626 1908 768 1972 velimus
799 1906 950 1986 nolimus,
979 1912 1110 1992 oportet
1142 1929 1203 1975 nos
1236 1911 1359 1996 linguis

307 2011 457 2076 insistere
487 2011 515 2074 si
545 2009 698 2075 volumus
726 2008 923 2094 sapientiam
961 2008 1134 2074 doctorum
1179 2011 1357 2079 hominum.

307 2113 471 2191 Quoniam
487 2133 598 2176 omnes
613 2111 690 2175 libri
705 2132 818 2175 eorum
841 2115 920 2176 sunt
942 2111 1033 2196 pleni
1056 2112 1106 2176 bis
1128 2113 1259 2200 linguis,
1274 2116 1360 2182 sicut

308 2215 519 2279 manifestum
542 2217 593 2278 est
615 2213 751 2278 cuilibet
772 2213 830 2297 qui
852 2213 1025 2298 sapientiae
1048 2221 1152 2281 vacat.
1199 2217 1266 2282 Sed
1287 2219 1359 2284 sine

306 2317 568 2401 expositionibus
590 2337 701 2381 eorum
724 2335 791 2379 non
813 2336 983 2400 possumus
1005 2318 1171 2402 proficere.
1216 2318 1263 2385 Et
1284 2321 1359 2387 ideo

307 2423 455 2507 cogimur
491 2423 671 2487 necessario
708 2421 751 2485 ad
789 2420 934 2486 debitam
972 2423 1127 2487 notitiam
1159 2424 1359 2511 linguarum,

306 2528 366 2588 aut
389 2526 509 2589 erimus
531 2523 617 2589 asini
640 2527 674 2589 et
700 2523 797 2588 vacui
820 2523 910 2586 omni
932 2525 1095 2609 sapientia
1117 2531 1151 2592 et
1174 2528 1331 2595 doctrina

352 2626 443 2690 Pono
466 2627 532 2691 duo
554 2627 705 2712 exempla
725 2647 784 2711 pro
807 2625 1055 2693 millemillibus.
1092 2628 1215 2694 Beatus
1238 2631 1356 2698 Hiero·
1370 2655 1502 2708 lucanses

306 2751 427 2815 nymus
473 2730 510 2793 in
558 2727 796 2814 quaestionibus
842 2726 1023 2805 Hebraicis,
1070 2731 1169 2815 hujus
1213 2722 1506 2853 nominisssllteyffioe*

307 2830 476 2908 “Israelss’
503 2832 590 2917 quod
613 2831 677 2895 fuit
699 2851 820 2894 nomen
842 2829 946 2894 Jacob
970 2832 1174 2915 patriarchae,
1194 2833 1356 2922 interpre·
1369 2855 1490 2919 mdying

305 2934 474 3009 tationem,
492 2956 565 3019 qua·
581 2934 712 3009 dicitur,
736 2931 802 2998 Vir
816 2929 938 2996 cidens
954 2931 1076 3011 Deum,
1096 2936 1260 3019 reprobat,
1273 2959 1357 3002 asse·
1369 2921 1486 2972 Hebrew.

306 3057 381 3101 rens
403 3036 491 3121 quod
513 3036 584 3119 ejus
606 3040 657 3099 est
679 3033 908 3118 interpretatio
932 3034 1070 3119 proprie,
1087 3034 1255 3122 Potnccps
1278 3060 1358 3104 mun

306 3137 381 3203 Dec.
431 3138 531 3202 Multi
554 3137 641 3201 enim
664 3140 744 3200 ante
776 3135 884 3219 ipsum
908 3156 975 3199 non
997 3135 1197 3201 sufficienter
1228 3142 1358 3224 experti

308 3239 489 3304 Hebraeum
513 3238 560 3302 sic
589 3236 800 3322 interpretati
825 3241 925 3314 srmt3
958 3237 1035 3320 quia
1069 3238 1247 3306 secundum
1270 3244 1359 3328 qnod

304 3341 341 3404 in
373 3341 440 3404 tria
465 3339 626 3403 vocabula
647 3337 689 3416 c‘s,
721 3359 772 3414 ru,
804 3336 834 3403 el
871 3337 1041 3419 dividitur,
1066 3341 1135 3406 haec
1157 3364 1224 3408 vox
1262 3352 1359 3410 sonat

314 3441 444 3508 Vtrum
473 3438 642 3505 videretem
664 3440 785 3505 Deum.
832 3439 921 3503 Nam
950 3439 983 3505 ts
1010 3447 1059 3506 est
1083 3443 1212 3526 “vir;''
1248 3470 1299 3525 ro,
1323 3449 1358 3513 id

307 3548 359 3609 est
382 3542 574 3621 “videns;”
615 3541 652 3618 el,
685 3542 720 3606 id
750 3546 801 3608 est
832 3542 978 3607 “Deus''
1016 3543 1062 3608 Et
1084 3545 1158 3611 ideo
1181 3549 1265 3615 sicut
1291 3572 1356 3615 res·
1455 3567 1464 3580 ·

306 3645 436 3733 publica
450 3649 547 3709 sonat
569 3644 657 3709 idem
678 3644 879 3729 conjunctim
902 3648 937 3709 et
959 3644 1101 3724 divisim,
1125 3649 1189 3733 ipsi
1215 3652 1356 3716 aestima

305 3753 426 3814 verunt
448 3748 495 3812 sic
517 3747 553 3810 in
584 3747 746 3812 hocloco
793 3746 859 3812 Sed
881 3768 949 3812 non
971 3749 1079 3812 estin
1102 3751 1254 3815 omnibus
1276 3753 1357 3834 hoc;

306 3857 346 3917 ut
368 3849 544 3916 Dominus
576 3849 785 3934 conjunctim,
817 3853 852 3914 et
884 3849 1083 3916 Dominus
1114 3852 1256 3931 divisim,
1291 3877 1358 3919 non

307 3953 395 4019 idem
430 3947 624 4039 significant.
686 3950 847 4018 Similiter
877 3974 937 4018 nec
964 3953 1001 4017 in
1033 3953 1176 4018 Hebraeo
1198 3977 1303 4020 unum
1325 3963 1360 4022 ct

306 4057 393 4122 idem
416 4055 582 4142 significat
605 4054 674 4120 haec
696 4075 763 4118 vox
785 4053 900 4120 Israel
928 4055 1139 4139 conjunctim,
1165 4061 1204 4121 ut
1228 4063 1278 4122 est
1301 4081 1359 4124 no-

307 4181 384 4224 men
408 4157 602 4244 patriarcbae
625 4156 751 4236 Jacob;
774 4162 809 4221 et
842 4157 985 4251 divisim,
1009 4159 1189 4223 secundum
1213 4162 1300 4246 quod
1323 4162 1360 4227 in

307 4263 374 4326 tria
388 4261 549 4326 vocabula
575 4265 626 4325 est
648 4259 801 4323 divisum.
849 4258 946 4339 Quod
971 4265 1115 4344 quatuor
1138 4263 1257 4348 probat
1278 4265 1359 4330 rati-

309 4364 435 4429 onibus
471 4363 560 4427 Nam
577 4367 649 4428 octo
673 4367 752 4426 sunt
775 4361 881 4427 literae
898 4361 1073 4429 Hebraicae
1096 4365 1133 4428 in
1155 4388 1234 4432 voce
1256 4368 1359 4433 trium

309 4466 492 4530 dictionum
531 4464 673 4544 illarum,
712 4469 747 4530 ct
791 4464 937 4550 quinque
975 4471 1110 4531 tantum
1155 4468 1190 4532 in
1228 4471 1360 4537 nomine

308 4569 512 4654 patriarchae.
559 4567 605 4632 Et
634 4567 754 4653 aliquae
777 4573 855 4632 sunt
885 4567 959 4634 aliae
982 4573 1017 4633 ct
1038 4591 1105 4634 non
1126 4572 1241 4636 eodem
1263 4575 1361 4638 modo

310 4670 478 4736 ordinatae.
541 4669 586 4734 Et
623 4691 742 4735 nomen
775 4669 970 4756 patriarchae
1001 4672 1102 4738 habet
1131 4680 1274 4758 quatuor
1295 4674 1362 4760 syl·

1134 4789 1227 4851 ant
