3586 5640
722 800 809 851 orus
831 801 949 853 irruas
1296 788 1359 854 341

306 970 401 1056 ginta
442 969 682 1056 interpretum:
719 992 818 1055 qnare
857 969 926 1035 haeo
962 971 1031 1035 sola
1072 970 1242 1035 dicebatur
1281 972 1361 1036 vur-
1374 981 1484 1033 Varrone

304 1078 393 1157 gata,
416 1093 477 1136 nec
500 1094 646 1157 unquam
670 1095 729 1158 pro
759 1072 951 1136 authentica
981 1072 1179 1150 tenebatur;
1209 1072 1266 1137 sed
1290 1074 1360 1138 sola
1373 1049 1524 1180 {ffi'sssspd

305 1174 477 1240 translatio
508 1174 735 1260 Septuaginta,
768 1179 986 1260 praeterquam
1017 1173 1053 1238 in
1083 1174 1169 1239 libro
1199 1174 1358 1253 Danielis,
1372 1188 1449 1233 rura.

306 1281 384 1341 ante
404 1277 731 1342 communicationem
751 1275 979 1342 translationis
997 1275 1203 1360 Hieronymi.
1250 1276 1360 1356 Quare

306 1399 380 1443 cum
404 1378 577 1444 translatio
593 1379 790 1463 Hieronymi
814 1377 989 1443 evacuavit
1011 1378 1263 1443 translationem
1280 1378 1360 1442 Vul-

304 1485 417 1564 gatam
446 1479 674 1567 Septuaginta,
705 1486 740 1546 et
773 1480 925 1544 similiter
949 1479 1190 1557 Theodotionis,
1222 1488 1261 1544 ut
1292 1501 1360 1545 cer-

307 1587 380 1645 tum
405 1587 455 1646 est
481 1582 642 1663 omnibus,
669 1587 798 1668 oportet
825 1581 914 1667 quod
942 1581 1051 1645 Biblia
1075 1602 1141 1666 qua
1165 1581 1293 1647 utimur
1316 1582 1361 1649 sit

307 1683 481 1748 translatio
505 1685 711 1770 Hieronymi.

353 1785 441 1864 Quid
472 1791 583 1851 autem
614 1790 724 1872 potest
750 1783 884 1871 allegari
912 1784 954 1849 de
985 1784 1119 1872 prologo
1149 1785 1236 1850 sexti
1265 1783 1357 1849 libri¹

307 1886 505 1972 Hieronymi
541 1910 638 1974 super
673 1887 815 1965 Esaiam,
849 1906 914 1971 quo
954 1886 1184 1972 distinguntur
1221 1886 1360 1973 Septua-

306 1988 401 2074 ginta
420 1989 614 2075 interpretcs
638 1988 680 2053 ab
705 1988 849 2052 editione
878 1985 1032 2073 Vulgata,
1057 2009 1130 2052 cum
1155 1988 1244 2053 dicat
1268 2010 1362 2073 quos·

306 2090 383 2154 darn
398 2091 574 2155 versiculos
597 2089 688 2154 tertii
711 2088 830 2154 decimi
853 2087 989 2174 psalmi²
1012 2096 1108 2154 “non
1131 2111 1199 2155 esse
1221 2090 1259 2154 in
1282 2090 1360 2176 Sep-

308 2199 324 2225 “
349 2191 503 2275 tuaginta
529 2190 771 2274 interpretibus,
796 2189 853 2254 sed
879 2189 915 2253 in
940 2189 1086 2255 editione
1109 2191 1262 2278 Vulgata,
1288 2214 1361 2277 qum

307 2299 325 2328 “
350 2290 471 2357 Koene³
490 2291 619 2370 dicitur,
635 2297 669 2355 et
689 2291 726 2354 in
743 2295 815 2356 toto
838 2291 916 2356 orba
938 2291 1103 2359 diffusat''
1149 2293 1360 2381 Responden-

308 2394 386 2458 dum
409 2398 460 2458 est
475 2415 534 2480 per
549 2394 656 2479 ipsum
680 2392 819 2457 eundem
837 2393 880 2458 ad
897 2393 1072 2459 Fretellam
1088 2400 1122 2460 et
1138 2395 1286 2476 Suniam,
1302 2397 1360 2461 ubi

307 2502 481 2582 postquam
506 2495 601 2572 dixit,
621 2493 758 2559 ‘'Koene
782 2493 843 2559 hoc
869 2499 920 2560 est
943 2497 1125 2562 communis
1151 2498 1264 2577 editio,
1289 2498 1361 2584 ipsa

307 2605 325 2632 “
348 2602 399 2662 est
420 2620 494 2683 quoe
510 2603 544 2662 et
562 2596 781 2683 Septuaginta
804 2597 969 2678 dicitur;''
985 2599 1043 2663 sed
1064 2599 1122 2663 illa
1144 2622 1203 2685 pro
1224 2594 1361 2665 locis'et

306 2700 515 2786 temporibus,
544 2699 717 2765 voluntate
744 2699 957 2786 Scriptorum,
990 2707 1087 2765 vetus
1115 2707 1268 2787 corrupta
1292 2703 1360 2765 edi-

306 2801 355 2866 tio
386 2807 445 2867 est.
506 2803 555 2867 Ea
581 2807 694 2867 autem
725 2824 799 2888 quoe
829 2801 996 2867 habetur⁴
1025 2803 1062 2865 in
1092 2802 1256 2888 Hexaplis
1287 2802 1361 2867 Ori-

306 2904 408 2988 genis,
433 2909 468 2969 et
488 2927 586 2990 quam
611 2927 671 2969 nos
696 2904 865 2982 vertimus,
892 2904 964 2989 ipsa
990 2907 1040 2966 est
1060 2925 1134 2986 qum
1156 2903 1360 2966 eruditorum

305 3005 398 3070 libris
429 3005 618 3092 incorrupta
647 3010 682 3070 et
709 3005 918 3069 immaculata
951 3004 1171 3088 Septuaginta
1200 3004 1361 3089 interpro-

305 3112 378 3171 tum
401 3108 574 3171 translatio
599 3111 793 3171 reservatur.
852 3105 1059 3190 Quapropter
1083 3104 1256 3168 translatio
1281 3105 1360 3191 Sep-

308 3208 460 3292 tuaginta
497 3209 715 3292 interpretum
753 3210 863 3291 potest
908 3205 1010 3290 accipi
1052 3205 1248 3291 tripliciter3
1293 3229 1360 3271 uno

307 3309 412 3386 modo,
436 3312 476 3372 ut
505 3308 569 3371 fuit
599 3307 642 3372 ab
673 3307 719 3370 eis
749 3307 841 3371 edita
871 3329 914 3373 ex
946 3306 1090 3373 Hebraeo
1121 3308 1157 3372 in
1184 3309 1336 3375 Graecum
1352 3334 1359 3389 ;

306 3408 455 3488 secundo,
487 3409 595 3494 capita
625 3408 682 3471 illa
712 3429 785 3492 qum
816 3408 852 3473 in
884 3409 1046 3495 Hexaplis
1075 3409 1226 3498 Origenis
1257 3414 1359 3477 conti-

305 3517 426 3576 nentur
437 3509 462 3591 ;⁵
478 3510 585 3589 tertio,
603 3531 675 3594 quse
698 3531 765 3574 non
788 3510 904 3576 habuit
922 3512 1032 3577 obelos
1054 3519 1088 3578 et
1108 3514 1285 3594 asteriscos,
1302 3516 1360 3579 sed

305 3614 371 3679 fuit
395 3614 529 3698 vulgata
551 3617 585 3678 et
607 3617 761 3698 corrupta
782 3634 840 3697 per
862 3613 1046 3679 additiones
1064 3621 1098 3680 et
1120 3616 1360 3681 subtractioncs

305 3716 413 3781 varias
450 3715 551 3800 juxta
593 3719 692 3800 caput
733 3714 913 3799 cujuslibet.
976 3716 1140 3794 Quaelibet
1176 3716 1282 3802 igitur
1316 3719 1359 3783 is-

304 3824 413 3883 tarum
436 3823 574 3881 vocatur
599 3816 771 3881 translatio
802 3815 1031 3903 Septuaginta,
1062 3839 1136 3903 quea
1174 3825 1224 3883 est
1253 3819 1360 3905 prima

304 3919 402 3985 radix
426 3919 581 3998 omnium,
606 3923 640 3984 et
662 3917 819 3983 remansit
845 3919 881 3982 in
908 3918 981 3984 istis
1006 3918 1133 3983 duabus
1158 3941 1216 4005 pro
1243 3920 1357 3987 funda-

307 4035 425 4089 mento.
487 4021 532 4088 Et
561 4021 635 4086 ideo
666 4020 906 4088 consideremus
936 4021 1188 4088 translationem
1219 4021 1357 4110 Septua-

340 4416 345 4445 ¹
358 4416 420 4464 orati
429 4412 498 4480 libri]
519 4415 575 4463 Lib.
587 4414 660 4463 xri?
888 4410 1023 4479 motatur]
1043 4414 1172 4475 habentur,
1189 4416 1247 4468 MS.

338 4493 457 4560 2[τεαὶιιιί]
486 4493 565 4543 terrim
593 4493 696 4543 decium
718 4490 804 4556 partis,
849 4525 851 4527 >
887 4493 1009 4556 'capum
1027 4531 1034 4544 .
1053 4531 1059 4545 .
1076 4497 1240 4563 scrutinentur]
1260 4498 1359 4562 capitur

305 4575 360 4625 Ms.
854 4570 905 4630 illa,
918 4570 964 4620 &a
986 4608 991 4621 .
1011 4609 1017 4621 .
1041 4609 1046 4622 .
1066 4573 1214 4638 continetur,
1224 4576 1280 4626 MS.

336 4653 445 4718 ³Krene]
466 4652 535 4714 lion,
554 4651 609 4701 MS.
