<?xml version="1.0" encoding="UTF-8"?>
<!DOCTYPE html PUBLIC "-//W3C//DTD XHTML 1.0 Transitional//EN"
    "http://www.w3.org/TR/xhtml1/DTD/xhtml1-transitional.dtd">
<html xmlns="http://www.w3.org/1999/xhtml" xml:lang="en" lang="en">
 <head>
  <title>
</title>
<meta http-equiv="Content-Type" content="text/html;charset=utf-8" />
  <meta name='ocr-system' content='tesseract 3.04.00' />
  <meta name='ocr-capabilities' content='ocr_page ocr_carea ocr_par ocr_line ocrx_word'/>
</head>
<body>
  <div class='ocr_page' id='page_1' title='image "./operaqudamhacte00bacogoog_0515.png"; bbox 0 0 3586 5640; ppageno 0'>
   <div class='ocr_carea' id='block_1_1' title="bbox 311 757 1366 850">
    <p class='ocr_par' dir='ltr' id='par_1_1' title="bbox 311 757 1366 850">
     <span class='ocr_line' id='line_1_1' title="bbox 311 757 1366 850; baseline 0.007 -26"><span class='ocrx_word' id='word_1_1' title='bbox 311 757 352 850; x_wconf 89' lang='lat'>1.]</span> <span class='ocrx_word' id='word_1_2' title='bbox 648 774 881 827; x_wconf 78' lang='lat' dir='ltr'>romanorun</span> <span class='ocrx_word' id='word_1_3' title='bbox 903 774 1030 828; x_wconf 85' lang='lat' dir='ltr'>srunrr.</span> <span class='ocrx_word' id='word_1_4' title='bbox 1301 763 1366 831; x_wconf 79' lang='lat'>899</span> 
     </span>
    </p>
   </div>
   <div class='ocr_carea' id='block_1_2' title="bbox 299 950 1535 4639">
    <p class='ocr_par' dir='ltr' id='par_1_2' title="bbox 310 950 1369 1042">
     <span class='ocr_line' id='line_1_2' title="bbox 310 950 1369 1042; baseline 0.005 -23"><span class='ocrx_word' id='word_1_5' title='bbox 310 956 441 1020; x_wconf 81' lang='lat' dir='ltr'>seratur</span> <span class='ocrx_word' id='word_1_6' title='bbox 463 950 553 1020; x_wconf 87' lang='lat' dir='ltr'>enim</span> <span class='ocrx_word' id='word_1_7' title='bbox 575 952 634 1019; x_wconf 88' lang='lat' dir='ltr'>illa</span> <span class='ocrx_word' id='word_1_8' title='bbox 663 953 755 1020; x_wconf 89' lang='lat' dir='ltr'>sedes</span> <span class='ocrx_word' id='word_1_9' title='bbox 778 975 870 1020; x_wconf 86' lang='lat' dir='ltr'>sacra</span> <span class='ocrx_word' id='word_1_10' title='bbox 899 953 1071 1020; x_wconf 85' lang='lat' dir='ltr'>fraudibus</span> <span class='ocrx_word' id='word_1_11' title='bbox 1094 957 1129 1020; x_wconf 89' lang='lat' dir='ltr'>et</span> <span class='ocrx_word' id='word_1_12' title='bbox 1159 954 1244 1022; x_wconf 88' lang='lat' dir='ltr'>dolis</span> <span class='ocrx_word' id='word_1_13' title='bbox 1265 956 1369 1042; x_wconf 89' lang='lat' dir='ltr'>injus-</span> 
     </span>
    </p>

    <p class='ocr_par' dir='ltr' id='par_1_3' title="bbox 308 1055 1368 1451">
     <span class='ocr_line' id='line_1_3' title="bbox 309 1055 1368 1144; baseline 0 -20"><span class='ocrx_word' id='word_1_14' title='bbox 309 1062 427 1124; x_wconf 77' lang='lat' dir='ltr'>urum.</span> <span class='ocrx_word' id='word_1_15' title='bbox 487 1055 579 1122; x_wconf 90' lang='lat' dir='ltr'>Perit</span> <span class='ocrx_word' id='word_1_16' title='bbox 611 1056 755 1142; x_wconf 89' lang='lat' dir='ltr'>justitia,</span> <span class='ocrx_word' id='word_1_17' title='bbox 794 1078 862 1144; x_wconf 88' lang='lat' dir='ltr'>pax</span> <span class='ocrx_word' id='word_1_18' title='bbox 899 1056 1006 1122; x_wconf 87' lang='lat' dir='ltr'>omnis</span> <span class='ocrx_word' id='word_1_19' title='bbox 1042 1057 1196 1136; x_wconf 85' lang='lat' dir='ltr'>violatur,</span> <span class='ocrx_word' id='word_1_20' title='bbox 1233 1058 1368 1125; x_wconf 89' lang='lat' dir='ltr'>infinita</span> 
     </span>
     <span class='ocr_line' id='line_1_4' title="bbox 309 1158 1366 1245; baseline 0.001 -18"><span class='ocrx_word' id='word_1_21' title='bbox 309 1158 463 1227; x_wconf 74' lang='lat' dir='ltr'>seandala</span> <span class='ocrx_word' id='word_1_22' title='bbox 493 1159 703 1225; x_wconf 86' lang='lat' dir='ltr'>suscitantur.</span> <span class='ocrx_word' id='word_1_23' title='bbox 764 1158 873 1225; x_wconf 86' lang='lat' dir='ltr'>Mores</span> <span class='ocrx_word' id='word_1_24' title='bbox 904 1159 993 1224; x_wconf 92' lang='lat' dir='ltr'>enim</span> <span class='ocrx_word' id='word_1_25' title='bbox 1030 1166 1214 1245; x_wconf 83' lang='lat' dir='ltr'>sequuntur</span> <span class='ocrx_word' id='word_1_26' title='bbox 1242 1159 1366 1228; x_wconf 82' lang='lat' dir='ltr'>ibidem</span> 
     </span>
     <span class='ocr_line' id='line_1_5' title="bbox 308 1261 1366 1350; baseline 0.003 -24"><span class='ocrx_word' id='word_1_27' title='bbox 308 1261 568 1350; x_wconf 83' lang='lat' dir='ltr'>perversissimi3</span> <span class='ocrx_word' id='word_1_28' title='bbox 597 1266 714 1349; x_wconf 84' lang='lat' dir='ltr'>regnat</span> <span class='ocrx_word' id='word_1_29' title='bbox 744 1261 905 1348; x_wconf 86' lang='lat' dir='ltr'>superbio,</span> <span class='ocrx_word' id='word_1_30' title='bbox 936 1262 1031 1327; x_wconf 89' lang='lat' dir='ltr'>ardet</span> <span class='ocrx_word' id='word_1_31' title='bbox 1060 1262 1209 1338; x_wconf 86' lang='lat' dir='ltr'>avaritia,</span> <span class='ocrx_word' id='word_1_32' title='bbox 1238 1261 1366 1330; x_wconf 85' lang='lat' dir='ltr'>invidia</span> 
     </span>
     <span class='ocr_line' id='line_1_6' title="bbox 309 1363 1367 1451; baseline 0.001 -20"><span class='ocrx_word' id='word_1_33' title='bbox 309 1363 454 1431; x_wconf 88' lang='lat' dir='ltr'>corrodit</span> <span class='ocrx_word' id='word_1_34' title='bbox 490 1364 645 1451; x_wconf 80' lang='lat' dir='ltr'>singulos,</span> <span class='ocrx_word' id='word_1_35' title='bbox 683 1364 815 1430; x_wconf 84' lang='lat' dir='ltr'>luxuria</span> <span class='ocrx_word' id='word_1_36' title='bbox 856 1363 1008 1430; x_wconf 83' lang='lat' dir='ltr'>diffamat</span> <span class='ocrx_word' id='word_1_37' title='bbox 1044 1370 1151 1431; x_wconf 85' lang='lat' dir='ltr'>totam</span> <span class='ocrx_word' id='word_1_38' title='bbox 1188 1364 1281 1430; x_wconf 85' lang='lat' dir='ltr'>illam</span> <span class='ocrx_word' id='word_1_39' title='bbox 1312 1388 1367 1432; x_wconf 89' lang='lat' dir='ltr'>ou-</span> 
     </span>
    </p>

    <p class='ocr_par' dir='ltr' id='par_1_4' title="bbox 308 1466 1366 1554">
     <span class='ocr_line' id='line_1_7' title="bbox 308 1466 1366 1554; baseline 0.003 -21"><span class='ocrx_word' id='word_1_40' title='bbox 308 1468 402 1548; x_wconf 88' lang='lat' dir='ltr'>riam,</span> <span class='ocrx_word' id='word_1_41' title='bbox 425 1466 505 1554; x_wconf 84' lang='lat' dir='ltr'>gula</span> <span class='ocrx_word' id='word_1_42' title='bbox 528 1467 564 1531; x_wconf 94' lang='lat' dir='ltr'>in</span> <span class='ocrx_word' id='word_1_43' title='bbox 593 1467 746 1533; x_wconf 87' lang='lat' dir='ltr'>omnibus</span> <span class='ocrx_word' id='word_1_44' title='bbox 771 1467 967 1534; x_wconf 76' lang='lat' dir='ltr'><strong>dominatur.</strong></span> <span class='ocrx_word' id='word_1_45' title='bbox 1014 1467 1085 1534; x_wconf 90' lang='lat' dir='ltr'>Nec</span> <span class='ocrx_word' id='word_1_46' title='bbox 1107 1469 1178 1535; x_wconf 85' lang='lat' dir='ltr'>haec</span> <span class='ocrx_word' id='word_1_47' title='bbox 1199 1467 1366 1536; x_wconf 86' lang='lat' dir='ltr'>sufficiunt</span> 
     </span>
    </p>

    <p class='ocr_par' dir='ltr' id='par_1_5' title="bbox 310 1568 1361 1658">
     <span class='ocr_line' id='line_1_8' title="bbox 310 1568 1361 1658; baseline 0.003 -22"><span class='ocrx_word' id='word_1_48' title='bbox 310 1571 376 1636; x_wconf 89' lang='lat' dir='ltr'>nisi</span> <span class='ocrx_word' id='word_1_49' title='bbox 398 1569 547 1636; x_wconf 84' lang='lat' dir='ltr'>Vioom&#39;us</span> <span class='ocrx_word' id='word_1_50' title='bbox 577 1568 641 1634; x_wconf 93' lang='lat' dir='ltr'>Dei</span> <span class='ocrx_word' id='word_1_51' title='bbox 667 1570 847 1657; x_wconf 77' lang='lat' dir='ltr'>denegetur</span> <span class='ocrx_word' id='word_1_52' title='bbox 876 1571 1081 1658; x_wconf 69' lang='lat' dir='ltr'>negligentia</span> <span class='ocrx_word' id='word_1_53' title='bbox 1112 1593 1181 1639; x_wconf 80' lang='lat' dir='ltr'>suae</span> <span class='ocrx_word' id='word_1_54' title='bbox 1211 1571 1361 1652; x_wconf 82' lang='lat' dir='ltr'>eoclesiae,</span> 
     </span>
    </p>

    <p class='ocr_par' dir='ltr' id='par_1_6' title="bbox 307 1672 1535 2790">
     <span class='ocr_line' id='line_1_9' title="bbox 309 1672 1364 1761; baseline 0 -20"><span class='ocrx_word' id='word_1_55' title='bbox 309 1677 345 1741; x_wconf 88' lang='lat' dir='ltr'>et</span> <span class='ocrx_word' id='word_1_56' title='bbox 378 1673 522 1738; x_wconf 86' lang='lat' dir='ltr'>mundus</span> <span class='ocrx_word' id='word_1_57' title='bbox 561 1672 725 1739; x_wconf 85' lang='lat' dir='ltr'>desoletur</span> <span class='ocrx_word' id='word_1_58' title='bbox 756 1678 890 1755; x_wconf 90' lang='lat' dir='ltr'>rectore,</span> <span class='ocrx_word' id='word_1_59' title='bbox 923 1675 1008 1741; x_wconf 90' lang='lat' dir='ltr'>sicut</span> <span class='ocrx_word' id='word_1_60' title='bbox 1040 1674 1113 1760; x_wconf 87' lang='lat' dir='ltr'>jam</span> <span class='ocrx_word' id='word_1_61' title='bbox 1149 1673 1269 1741; x_wconf 87' lang='lat' dir='ltr'>accidit</span> <span class='ocrx_word' id='word_1_62' title='bbox 1305 1696 1364 1761; x_wconf 90' lang='lat' dir='ltr'>per</span> 
     </span>
     <span class='ocr_line' id='line_1_10' title="bbox 308 1775 1521 1864; baseline 0 -22"><span class='ocrx_word' id='word_1_63' title='bbox 308 1775 429 1842; x_wconf 85' lang='lat' dir='ltr'>multos</span> <span class='ocrx_word' id='word_1_64' title='bbox 451 1797 563 1856; x_wconf 89' lang='lat' dir='ltr'>annos,</span> <span class='ocrx_word' id='word_1_65' title='bbox 578 1780 716 1842; x_wconf 79' lang='lat' dir='ltr'>vacante</span> <span class='ocrx_word' id='word_1_66' title='bbox 736 1776 813 1842; x_wconf 90' lang='lat' dir='ltr'>sede</span> <span class='ocrx_word' id='word_1_67' title='bbox 835 1781 969 1864; x_wconf 90' lang='lat' dir='ltr'>propter</span> <span class='ocrx_word' id='word_1_68' title='bbox 990 1777 1161 1856; x_wconf 86' lang='lat' dir='ltr'>invidiam,</span> <span class='ocrx_word' id='word_1_69' title='bbox 1185 1782 1220 1844; x_wconf 88' lang='lat' dir='ltr'>et</span> <span class='ocrx_word' id='word_1_70' title='bbox 1244 1777 1360 1856; x_wconf 80' lang='lat' dir='ltr'>zelum,</span> <span class='ocrx_word' id='word_1_71' title='bbox 1374 1783 1430 1836; x_wconf 79' lang='lat' dir='ltr'>The</span> <span class='ocrx_word' id='word_1_72' title='bbox 1442 1784 1521 1850; x_wconf 77' lang='lat' dir='ltr'>Paos]</span> 
     </span>
     <span class='ocr_line' id='line_1_11' title="bbox 308 1850 1535 1970; baseline 0.001 -25"><span class='ocrx_word' id='word_1_73' title='bbox 308 1883 343 1945; x_wconf 92' lang='lat' dir='ltr'>et</span> <span class='ocrx_word' id='word_1_74' title='bbox 380 1879 566 1965; x_wconf 88' lang='lat' dir='ltr'>appetitum</span> <span class='ocrx_word' id='word_1_75' title='bbox 603 1879 744 1958; x_wconf 85' lang='lat' dir='ltr'>honoris,</span> <span class='ocrx_word' id='word_1_76' title='bbox 783 1879 905 1964; x_wconf 90' lang='lat' dir='ltr'>quibus</span> <span class='ocrx_word' id='word_1_77' title='bbox 942 1880 1045 1946; x_wconf 84' lang='lat' dir='ltr'>servit</span> <span class='ocrx_word' id='word_1_78' title='bbox 1085 1880 1144 1946; x_wconf 91' lang='lat' dir='ltr'>illa</span> <span class='ocrx_word' id='word_1_79' title='bbox 1180 1879 1280 1960; x_wconf 87' lang='lat' dir='ltr'>curia,</span> <span class='ocrx_word' id='word_1_80' title='bbox 1327 1884 1361 1945; x_wconf 90' lang='lat' dir='ltr'>et</span> <span class='ocrx_word' id='word_1_81' title='bbox 1373 1850 1535 1970; x_wconf 47' lang='lat' dir='ltr'>{03⁰th</span> 
     </span>
     <span class='ocr_line' id='line_1_12' title="bbox 308 1981 1451 2067; baseline 0.002 -19"><span class='ocrx_word' id='word_1_82' title='bbox 308 1981 428 2067; x_wconf 91' lang='lat' dir='ltr'>quibus</span> <span class='ocrx_word' id='word_1_83' title='bbox 465 1981 587 2047; x_wconf 87' lang='lat' dir='ltr'>nititur</span> <span class='ocrx_word' id='word_1_84' title='bbox 623 2002 658 2047; x_wconf 90' lang='lat' dir='ltr'>se</span> <span class='ocrx_word' id='word_1_85' title='bbox 695 1986 730 2047; x_wconf 90' lang='lat' dir='ltr'>et</span> <span class='ocrx_word' id='word_1_86' title='bbox 762 2002 838 2047; x_wconf 88' lang='lat' dir='ltr'>suos</span> <span class='ocrx_word' id='word_1_87' title='bbox 875 1982 1088 2062; x_wconf 88' lang='lat' dir='ltr'>introducere,</span> <span class='ocrx_word' id='word_1_88' title='bbox 1127 1982 1212 2048; x_wconf 90' lang='lat' dir='ltr'>sicut</span> <span class='ocrx_word' id='word_1_89' title='bbox 1248 2003 1362 2048; x_wconf 89' lang='lat' dir='ltr'>omnes</span> <span class='ocrx_word' id='word_1_90' title='bbox 1373 1999 1451 2051; x_wconf 65' lang='grc' dir='ltr'>Μ]</span> 
     </span>
     <span class='ocr_line' id='line_1_13' title="bbox 309 2066 1453 2172; baseline 0.002 -22"><span class='ocrx_word' id='word_1_91' title='bbox 309 2084 418 2151; x_wconf 88' lang='lat' dir='ltr'>sciunt</span> <span class='ocrx_word' id='word_1_92' title='bbox 452 2085 510 2170; x_wconf 90' lang='lat' dir='ltr'>qui</span> <span class='ocrx_word' id='word_1_93' title='bbox 540 2085 659 2150; x_wconf 86' lang='lat' dir='ltr'>volunt</span> <span class='ocrx_word' id='word_1_94' title='bbox 689 2106 820 2150; x_wconf 90' lang='lat' dir='ltr'>noscere</span> <span class='ocrx_word' id='word_1_95' title='bbox 854 2085 1038 2151; x_wconf 83' lang='lat' dir='ltr'>veritatem.</span> <span class='ocrx_word' id='word_1_96' title='bbox 1085 2084 1123 2152; x_wconf 81' lang='lat' dir='ltr'>si</span> <span class='ocrx_word' id='word_1_97' title='bbox 1156 2085 1260 2172; x_wconf 84' lang='lat' dir='ltr'>igitur</span> <span class='ocrx_word' id='word_1_98' title='bbox 1292 2066 1453 2152; x_wconf 58' lang='lat' dir='ltr'>haeolm</span> 
     </span>
     <span class='ocr_line' id='line_1_14' title="bbox 309 2187 1364 2274; baseline 0.002 -22"><span class='ocrx_word' id='word_1_99' title='bbox 309 2187 393 2252; x_wconf 87' lang='lat' dir='ltr'>fiant</span> <span class='ocrx_word' id='word_1_100' title='bbox 430 2187 471 2273; x_wconf 87' lang='lat' dir='ltr'>in</span> <span class='ocrx_word' id='word_1_101' title='bbox 504 2188 612 2273; x_wconf 88' lang='lat' dir='ltr'>capite</span> <span class='ocrx_word' id='word_1_102' title='bbox 649 2187 730 2274; x_wconf 94' lang='lat' dir='ltr'>quid</span> <span class='ocrx_word' id='word_1_103' title='bbox 767 2188 808 2254; x_wconf 89' lang='lat' dir='ltr'>fit</span> <span class='ocrx_word' id='word_1_104' title='bbox 844 2189 881 2254; x_wconf 94' lang='lat' dir='ltr'>in</span> <span class='ocrx_word' id='word_1_105' title='bbox 917 2187 1080 2255; x_wconf 85' lang='lat' dir='ltr'>membris</span> <span class='ocrx_word' id='word_1_106' title='bbox 1139 2187 1364 2274; x_wconf 74' lang='lat' dir='ltr'>Respiciamus</span> 
     </span>
     <span class='ocr_line' id='line_1_15' title="bbox 309 2288 1364 2378; baseline 0 -22"><span class='ocrx_word' id='word_1_107' title='bbox 309 2290 471 2377; x_wconf 84' lang='lat' dir='ltr'>praelatos,</span> <span class='ocrx_word' id='word_1_108' title='bbox 502 2288 666 2376; x_wconf 90' lang='lat' dir='ltr'>quomodo</span> <span class='ocrx_word' id='word_1_109' title='bbox 697 2290 835 2357; x_wconf 89' lang='lat' dir='ltr'>student</span> <span class='ocrx_word' id='word_1_110' title='bbox 864 2292 1019 2377; x_wconf 80' lang='lat' dir='ltr'>pecunius,</span> <span class='ocrx_word' id='word_1_111' title='bbox 1048 2291 1222 2378; x_wconf 81' lang='lat' dir='ltr'>negligunt</span> <span class='ocrx_word' id='word_1_112' title='bbox 1251 2312 1364 2356; x_wconf 87' lang='lat' dir='ltr'>curam</span> 
     </span>
     <span class='ocr_line' id='line_1_16' title="bbox 309 2393 1464 2480; baseline 0.001 -22"><span class='ocrx_word' id='word_1_113' title='bbox 309 2393 501 2471; x_wconf 87' lang='lat' dir='ltr'>animarum,</span> <span class='ocrx_word' id='word_1_114' title='bbox 540 2400 676 2480; x_wconf 89' lang='lat' dir='ltr'>nepotes</span> <span class='ocrx_word' id='word_1_115' title='bbox 713 2399 748 2460; x_wconf 90' lang='lat' dir='ltr'>et</span> <span class='ocrx_word' id='word_1_116' title='bbox 785 2399 919 2460; x_wconf 84' lang='lat' dir='ltr'>oaeteros</span> <span class='ocrx_word' id='word_1_117' title='bbox 952 2394 1073 2460; x_wconf 88' lang='lat' dir='ltr'>amicos</span> <span class='ocrx_word' id='word_1_118' title='bbox 1107 2394 1252 2459; x_wconf 86' lang='lat' dir='ltr'>carnales</span> <span class='ocrx_word' id='word_1_119' title='bbox 1288 2413 1365 2480; x_wconf 91' lang='lat' dir='ltr'>pro·</span> <span class='ocrx_word' id='word_1_120' title='bbox 1455 2393 1464 2412; x_wconf 86' lang='lat'>&#39;</span> 
     </span>
     <span class='ocr_line' id='line_1_17' title="bbox 309 2496 1365 2584; baseline 0.001 -23"><span class='ocrx_word' id='word_1_121' title='bbox 309 2501 450 2574; x_wconf 87' lang='lat' dir='ltr'>movent,</span> <span class='ocrx_word' id='word_1_122' title='bbox 482 2518 520 2562; x_wconf 90' lang='lat' dir='ltr'>ac</span> <span class='ocrx_word' id='word_1_123' title='bbox 559 2496 687 2562; x_wconf 86' lang='lat' dir='ltr'>dolosos</span> <span class='ocrx_word' id='word_1_124' title='bbox 720 2497 863 2584; x_wconf 84' lang='lat' dir='ltr'>legistas,</span> <span class='ocrx_word' id='word_1_125' title='bbox 897 2496 976 2584; x_wconf 91' lang='lat' dir='ltr'>quia</span> <span class='ocrx_word' id='word_1_126' title='bbox 1013 2496 1157 2563; x_wconf 85' lang='lat' dir='ltr'>consiliis</span> <span class='ocrx_word' id='word_1_127' title='bbox 1189 2497 1365 2562; x_wconf 87' lang='lat' dir='ltr'>destruunt</span> 
     </span>
     <span class='ocr_line' id='line_1_18' title="bbox 309 2598 1364 2688; baseline 0.002 -26"><span class='ocrx_word' id='word_1_128' title='bbox 309 2598 440 2678; x_wconf 88' lang='lat' dir='ltr'>omnia;</span> <span class='ocrx_word' id='word_1_129' title='bbox 477 2599 648 2666; x_wconf 85' lang='lat' dir='ltr'>studentes</span> <span class='ocrx_word' id='word_1_130' title='bbox 686 2601 774 2666; x_wconf 92' lang='lat' dir='ltr'>enim</span> <span class='ocrx_word' id='word_1_131' title='bbox 812 2601 849 2666; x_wconf 91' lang='lat' dir='ltr'>in</span> <span class='ocrx_word' id='word_1_132' title='bbox 880 2600 1088 2688; x_wconf 91' lang='lat' dir='ltr'>philosophia</span> <span class='ocrx_word' id='word_1_133' title='bbox 1125 2605 1160 2665; x_wconf 90' lang='lat' dir='ltr'>et</span> <span class='ocrx_word' id='word_1_134' title='bbox 1197 2599 1364 2686; x_wconf 84' lang='lat' dir='ltr'>theologia</span> 
     </span>
     <span class='ocr_line' id='line_1_19' title="bbox 307 2702 1364 2790; baseline 0.001 -24"><span class='ocrx_word' id='word_1_135' title='bbox 307 2704 533 2782; x_wconf 88' lang='lat' dir='ltr'>contemnunt,</span> <span class='ocrx_word' id='word_1_136' title='bbox 559 2702 622 2788; x_wconf 89' lang='lat' dir='ltr'>[et]</span> <span class='ocrx_word' id='word_1_137' title='bbox 646 2704 833 2790; x_wconf 88' lang='lat' dir='ltr'>impediunt</span> <span class='ocrx_word' id='word_1_138' title='bbox 857 2704 988 2768; x_wconf 83' lang='lat' dir='ltr'>ordines</span> <span class='ocrx_word' id='word_1_139' title='bbox 1018 2704 1108 2781; x_wconf 90' lang='lat' dir='ltr'>duos,</span> <span class='ocrx_word' id='word_1_140' title='bbox 1133 2706 1173 2767; x_wconf 90' lang='lat' dir='ltr'>ut</span> <span class='ocrx_word' id='word_1_141' title='bbox 1198 2723 1265 2767; x_wconf 90' lang='lat' dir='ltr'>non</span> <span class='ocrx_word' id='word_1_142' title='bbox 1290 2723 1364 2788; x_wconf 84' lang='lat' dir='ltr'>pos·</span> 
     </span>
    </p>

    <p class='ocr_par' dir='ltr' id='par_1_7' title="bbox 307 2803 1363 2894">
     <span class='ocr_line' id='line_1_20' title="bbox 307 2803 1363 2894; baseline 0.001 -26"><span class='ocrx_word' id='word_1_143' title='bbox 307 2804 376 2869; x_wconf 88' lang='lat' dir='ltr'>sint</span> <span class='ocrx_word' id='word_1_144' title='bbox 397 2803 499 2870; x_wconf 87' lang='lat' dir='ltr'>libere</span> <span class='ocrx_word' id='word_1_145' title='bbox 522 2805 634 2871; x_wconf 90' lang='lat' dir='ltr'>vivere</span> <span class='ocrx_word' id='word_1_146' title='bbox 664 2812 699 2872; x_wconf 89' lang='lat' dir='ltr'>et</span> <span class='ocrx_word' id='word_1_147' title='bbox 721 2828 818 2894; x_wconf 84' lang='lat' dir='ltr'>agere</span> <span class='ocrx_word' id='word_1_148' title='bbox 843 2806 1050 2871; x_wconf 81' lang='lat' dir='ltr'>adsalutem</span> <span class='ocrx_word' id='word_1_149' title='bbox 1080 2807 1273 2882; x_wconf 86' lang='lat' dir='ltr'>animarum,</span> <span class='ocrx_word' id='word_1_150' title='bbox 1305 2803 1363 2890; x_wconf 88' lang='lat' dir='ltr'>qui</span> 
     </span>
    </p>

    <p class='ocr_par' dir='ltr' id='par_1_8' title="bbox 307 2908 1012 2995">
     <span class='ocr_line' id='line_1_21' title="bbox 307 2908 1012 2995; baseline -0.001 -22"><span class='ocrx_word' id='word_1_151' title='bbox 307 2908 411 2994; x_wconf 78' lang='lat' dir='ltr'>gretie</span> <span class='ocrx_word' id='word_1_152' title='bbox 434 2929 468 2972; x_wconf 87' lang='lat' dir='ltr'>se</span> <span class='ocrx_word' id='word_1_153' title='bbox 491 2908 649 2995; x_wconf 81' lang='lat' dir='ltr'>ingemmt</span> <span class='ocrx_word' id='word_1_154' title='bbox 670 2915 803 2995; x_wconf 90' lang='lat' dir='ltr'>propter</span> <span class='ocrx_word' id='word_1_155' title='bbox 825 2908 1012 2972; x_wconf 91' lang='lat' dir='ltr'>Dominum.</span> 
     </span>
    </p>

    <p class='ocr_par' dir='ltr' id='par_1_9' title="bbox 299 3008 1532 4639">
     <span class='ocr_line' id='line_1_22' title="bbox 352 3008 1489 3098; baseline 0.004 -23"><span class='ocrx_word' id='word_1_156' title='bbox 352 3011 603 3076; x_wconf 80' lang='lat' dir='ltr'>Consideremus</span> <span class='ocrx_word' id='word_1_157' title='bbox 639 3011 828 3098; x_wconf 83' lang='lat' dir='ltr'>religiosos3</span> <span class='ocrx_word' id='word_1_158' title='bbox 865 3011 993 3075; x_wconf 90' lang='lat' dir='ltr'>nullum</span> <span class='ocrx_word' id='word_1_159' title='bbox 1031 3009 1179 3075; x_wconf 88' lang='lat' dir='ltr'>ordinem</span> <span class='ocrx_word' id='word_1_160' title='bbox 1213 3008 1359 3074; x_wconf 86' lang='lat' dir='ltr'>excludo.</span> <span class='ocrx_word' id='word_1_161' title='bbox 1372 3011 1489 3079; x_wconf 59' lang='lat' dir='ltr'>Desm-</span> 
     </span>
     <span class='ocr_line' id='line_1_23' title="bbox 306 3082 1532 3212; baseline -0.002 -34"><span class='ocrx_word' id='word_1_162' title='bbox 306 3111 488 3178; x_wconf 89' lang='lat' dir='ltr'>Videamus</span> <span class='ocrx_word' id='word_1_163' title='bbox 519 3119 681 3199; x_wconf 85' lang='lat' dir='ltr'>quantum</span> <span class='ocrx_word' id='word_1_164' title='bbox 715 3113 901 3178; x_wconf 87' lang='lat' dir='ltr'>oeciderunt</span> <span class='ocrx_word' id='word_1_165' title='bbox 930 3111 1052 3197; x_wconf 82' lang='lat' dir='ltr'>singuli</span> <span class='ocrx_word' id='word_1_166' title='bbox 1079 3133 1100 3175; x_wconf 91' lang='lat' dir='ltr'>a</span> <span class='ocrx_word' id='word_1_167' title='bbox 1123 3114 1214 3176; x_wconf 87' lang='lat' dir='ltr'>statu</span> <span class='ocrx_word' id='word_1_168' title='bbox 1238 3110 1359 3190; x_wconf 89' lang='lat' dir='ltr'>debito,</span> <span class='ocrx_word' id='word_1_169' title='bbox 1373 3082 1532 3212; x_wconf 53' lang='lat' dir='ltr'>{ffiffihe</span> 
     </span>
     <span class='ocr_line' id='line_1_24' title="bbox 307 3213 1520 3328; baseline 0 -49"><span class='ocrx_word' id='word_1_170' title='bbox 307 3221 341 3280; x_wconf 90' lang='lat' dir='ltr'>et</span> <span class='ocrx_word' id='word_1_171' title='bbox 363 3215 443 3279; x_wconf 92' lang='lat' dir='ltr'>novi</span> <span class='ocrx_word' id='word_1_172' title='bbox 465 3215 596 3280; x_wconf 84' lang='lat' dir='ltr'>ordines</span> <span class='ocrx_word' id='word_1_173' title='bbox 621 3216 692 3301; x_wconf 91' lang='lat' dir='ltr'>jam</span> <span class='ocrx_word' id='word_1_174' title='bbox 722 3214 924 3280; x_wconf 73' lang='lat' dir='ltr'>horribiliter</span> <span class='ocrx_word' id='word_1_175' title='bbox 952 3213 1106 3280; x_wconf 84' lang='lat' dir='ltr'>labefacti</span> <span class='ocrx_word' id='word_1_176' title='bbox 1128 3219 1207 3279; x_wconf 88' lang='lat' dir='ltr'>sunt</span> <span class='ocrx_word' id='word_1_177' title='bbox 1230 3235 1251 3278; x_wconf 87' lang='lat' dir='ltr'>a</span> <span class='ocrx_word' id='word_1_178' title='bbox 1280 3213 1459 3328; x_wconf 42' lang='lat' dir='ltr'>pris-051lm</span> <span class='ocrx_word' id='word_1_179' title='bbox 1470 3216 1520 3265; x_wconf 73' lang='lat' dir='ltr'>anu</span> 
     </span>
     <span class='ocr_line' id='line_1_25' title="bbox 307 3288 1465 3404; baseline 0.002 -22"><span class='ocrx_word' id='word_1_180' title='bbox 307 3317 380 3382; x_wconf 91' lang='lat' dir='ltr'>tina</span> <span class='ocrx_word' id='word_1_181' title='bbox 410 3316 581 3402; x_wconf 81' lang='lat' dir='ltr'>dignitate.</span> <span class='ocrx_word' id='word_1_182' title='bbox 636 3318 739 3383; x_wconf 86' lang='lat' dir='ltr'>Totus</span> <span class='ocrx_word' id='word_1_183' title='bbox 761 3317 865 3383; x_wconf 89' lang='lat' dir='ltr'>clerus</span> <span class='ocrx_word' id='word_1_184' title='bbox 890 3322 988 3383; x_wconf 82' lang='lat' dir='ltr'>vacat</span> <span class='ocrx_word' id='word_1_185' title='bbox 1010 3317 1180 3404; x_wconf 80' lang='lat' dir='ltr'>superbire,</span> <span class='ocrx_word' id='word_1_186' title='bbox 1208 3317 1361 3398; x_wconf 81' lang='lat' dir='ltr'>luxuriae,</span> <span class='ocrx_word' id='word_1_187' title='bbox 1373 3288 1400 3331; x_wconf 46' lang='grc' dir='ltr'>οἱ</span> <span class='ocrx_word' id='word_1_188' title='bbox 1418 3295 1465 3332; x_wconf 75' lang='lat' dir='ltr'>ers.</span> 
     </span>
     <span class='ocr_line' id='line_1_26' title="bbox 308 3418 1361 3508; baseline 0.003 -25"><span class='ocrx_word' id='word_1_189' title='bbox 308 3424 342 3484; x_wconf 89' lang='lat' dir='ltr'>et</span> <span class='ocrx_word' id='word_1_190' title='bbox 364 3418 523 3484; x_wconf 84' lang='lat' dir='ltr'>avaritiae.</span> <span class='ocrx_word' id='word_1_191' title='bbox 570 3420 616 3485; x_wconf 88' lang='lat' dir='ltr'>Et</span> <span class='ocrx_word' id='word_1_192' title='bbox 648 3421 836 3506; x_wconf 87' lang='lat' dir='ltr'>ubicunque</span> <span class='ocrx_word' id='word_1_193' title='bbox 865 3427 1106 3508; x_wconf 81' lang='lat' dir='ltr'>congregantur</span> <span class='ocrx_word' id='word_1_194' title='bbox 1135 3421 1251 3501; x_wconf 89' lang='lat' dir='ltr'>clerici,</span> <span class='ocrx_word' id='word_1_195' title='bbox 1276 3421 1361 3487; x_wconf 86' lang='lat' dir='ltr'>siout</span> 
     </span>
     <span class='ocr_line' id='line_1_27' title="bbox 308 3520 1362 3604; baseline 0.003 -18"><span class='ocrx_word' id='word_1_196' title='bbox 308 3520 453 3587; x_wconf 84' lang='lat' dir='ltr'>Perisius</span> <span class='ocrx_word' id='word_1_197' title='bbox 479 3526 513 3586; x_wconf 93' lang='lat' dir='ltr'>et</span> <span class='ocrx_word' id='word_1_198' title='bbox 537 3520 684 3602; x_wconf 85' lang='lat' dir='ltr'>Oxoniee,</span> <span class='ocrx_word' id='word_1_199' title='bbox 710 3522 813 3604; x_wconf 88' lang='lat' dir='ltr'>bellis,</span> <span class='ocrx_word' id='word_1_200' title='bbox 836 3528 869 3589; x_wconf 90' lang='lat' dir='ltr'>et</span> <span class='ocrx_word' id='word_1_201' title='bbox 895 3524 1148 3602; x_wconf 73' lang='lat' dir='ltr'>turbationibus,</span> <span class='ocrx_word' id='word_1_202' title='bbox 1176 3530 1211 3590; x_wconf 90' lang='lat' dir='ltr'>et</span> <span class='ocrx_word' id='word_1_203' title='bbox 1236 3525 1362 3590; x_wconf 82' lang='lat' dir='ltr'>caeteris</span> 
     </span>
     <span class='ocr_line' id='line_1_28' title="bbox 306 3624 1360 3713; baseline 0.001 -23"><span class='ocrx_word' id='word_1_204' title='bbox 306 3625 398 3690; x_wconf 86' lang='lat' dir='ltr'>vitiis</span> <span class='ocrx_word' id='word_1_205' title='bbox 420 3624 645 3691; x_wconf 86' lang='lat' dir='ltr'>scandalizant</span> <span class='ocrx_word' id='word_1_206' title='bbox 662 3631 772 3691; x_wconf 89' lang='lat' dir='ltr'>totum</span> <span class='ocrx_word' id='word_1_207' title='bbox 793 3627 951 3712; x_wconf 93' lang='lat' dir='ltr'>populum</span> <span class='ocrx_word' id='word_1_208' title='bbox 973 3627 1136 3692; x_wconf 73' lang='lat' dir='ltr'>laicorum.</span> <span class='ocrx_word' id='word_1_209' title='bbox 1183 3626 1360 3713; x_wconf 85' lang='lat' dir='ltr'>Principes,</span> 
     </span>
     <span class='ocr_line' id='line_1_29' title="bbox 307 3728 1360 3816; baseline 0.002 -23"><span class='ocrx_word' id='word_1_210' title='bbox 307 3733 341 3793; x_wconf 91' lang='lat' dir='ltr'>et</span> <span class='ocrx_word' id='word_1_211' title='bbox 364 3728 510 3804; x_wconf 88' lang='lat' dir='ltr'>barones,</span> <span class='ocrx_word' id='word_1_212' title='bbox 536 3733 571 3792; x_wconf 90' lang='lat' dir='ltr'>et</span> <span class='ocrx_word' id='word_1_213' title='bbox 601 3728 724 3793; x_wconf 87' lang='lat' dir='ltr'>milites</span> <span class='ocrx_word' id='word_1_214' title='bbox 750 3735 906 3816; x_wconf 90' lang='lat' dir='ltr'>premunt</span> <span class='ocrx_word' id='word_1_215' title='bbox 937 3734 972 3796; x_wconf 93' lang='lat' dir='ltr'>et</span> <span class='ocrx_word' id='word_1_216' title='bbox 994 3730 1138 3816; x_wconf 84' lang='lat' dir='ltr'>spolient</span> <span class='ocrx_word' id='word_1_217' title='bbox 1168 3751 1203 3794; x_wconf 88' lang='lat' dir='ltr'>se</span> <span class='ocrx_word' id='word_1_218' title='bbox 1233 3735 1360 3809; x_wconf 83' lang='lat' dir='ltr'>mutue,</span> 
     </span>
     <span class='ocr_line' id='line_1_30' title="bbox 307 3830 1362 3918; baseline 0.002 -21"><span class='ocrx_word' id='word_1_219' title='bbox 307 3838 342 3897; x_wconf 89' lang='lat' dir='ltr'>et</span> <span class='ocrx_word' id='word_1_220' title='bbox 361 3830 520 3918; x_wconf 91' lang='lat' dir='ltr'>populum</span> <span class='ocrx_word' id='word_1_221' title='bbox 541 3830 724 3916; x_wconf 87' lang='lat' dir='ltr'>subjectum</span> <span class='ocrx_word' id='word_1_222' title='bbox 744 3832 951 3898; x_wconf 86' lang='lat' dir='ltr'>confundunt</span> <span class='ocrx_word' id='word_1_223' title='bbox 968 3833 1062 3897; x_wconf 82' lang='lat' dir='ltr'>bellis</span> <span class='ocrx_word' id='word_1_224' title='bbox 1083 3838 1117 3898; x_wconf 89' lang='lat' dir='ltr'>et</span> <span class='ocrx_word' id='word_1_225' title='bbox 1135 3831 1362 3898; x_wconf 80' lang='lat' dir='ltr'>exactionibus</span> 
     </span>
     <span class='ocr_line' id='line_1_31' title="bbox 306 3933 1360 4022; baseline 0.003 -24"><span class='ocrx_word' id='word_1_226' title='bbox 306 3934 455 4014; x_wconf 87' lang='lat' dir='ltr'>infinitis,</span> <span class='ocrx_word' id='word_1_227' title='bbox 480 3933 601 4020; x_wconf 87' lang='lat' dir='ltr'>quibus</span> <span class='ocrx_word' id='word_1_228' title='bbox 629 3935 750 4000; x_wconf 90' lang='lat' dir='ltr'>nititur</span> <span class='ocrx_word' id='word_1_229' title='bbox 780 3935 888 4001; x_wconf 86' lang='lat' dir='ltr'>aliene</span> <span class='ocrx_word' id='word_1_230' title='bbox 917 3957 1029 4022; x_wconf 86' lang='lat' dir='ltr'>rapere</span> <span class='ocrx_word' id='word_1_231' title='bbox 1041 3960 1049 4016; x_wconf 90' lang='lat'>;</span> <span class='ocrx_word' id='word_1_232' title='bbox 1081 3935 1182 4001; x_wconf 88' lang='lat' dir='ltr'>etiam</span> <span class='ocrx_word' id='word_1_233' title='bbox 1213 3934 1360 4013; x_wconf 83' lang='lat' dir='ltr'>ducatus,</span> 
     </span>
     <span class='ocr_line' id='line_1_32' title="bbox 309 4037 1360 4125; baseline -0.001 -22"><span class='ocrx_word' id='word_1_234' title='bbox 309 4037 373 4125; x_wconf 89' lang='lat' dir='ltr'>[et]</span> <span class='ocrx_word' id='word_1_235' title='bbox 406 4059 515 4124; x_wconf 85' lang='lat' dir='ltr'>regna,</span> <span class='ocrx_word' id='word_1_236' title='bbox 546 4039 631 4103; x_wconf 90' lang='lat' dir='ltr'>sicut</span> <span class='ocrx_word' id='word_1_237' title='bbox 665 4038 816 4104; x_wconf 85' lang='lat' dir='ltr'>videmus</span> <span class='ocrx_word' id='word_1_238' title='bbox 853 4038 904 4104; x_wconf 86' lang='lat' dir='ltr'>his</span> <span class='ocrx_word' id='word_1_239' title='bbox 938 4037 1142 4125; x_wconf 89' lang='lat' dir='ltr'>temporibus</span> <span class='ocrx_word' id='word_1_240' title='bbox 1179 4037 1360 4124; x_wconf 91' lang='lat' dir='ltr'>adimpleri.</span> 
     </span>
     <span class='ocr_line' id='line_1_33' title="bbox 306 4140 1361 4229; baseline 0.001 -23"><span class='ocrx_word' id='word_1_241' title='bbox 306 4140 380 4206; x_wconf 78' lang='lat' dir='ltr'>Rex</span> <span class='ocrx_word' id='word_1_242' title='bbox 403 4141 491 4206; x_wconf 91' lang='lat' dir='ltr'>enim</span> <span class='ocrx_word' id='word_1_243' title='bbox 515 4141 664 4208; x_wconf 77' lang='lat' dir='ltr'>Francius</span> <span class='ocrx_word' id='word_1_244' title='bbox 687 4141 827 4207; x_wconf 88' lang='lat' dir='ltr'>abstulit</span> <span class='ocrx_word' id='word_1_245' title='bbox 849 4164 908 4229; x_wconf 92' lang='lat' dir='ltr'>per</span> <span class='ocrx_word' id='word_1_246' title='bbox 930 4163 1084 4228; x_wconf 84' lang='lat' dir='ltr'>magnum</span> <span class='ocrx_word' id='word_1_247' title='bbox 1108 4141 1264 4228; x_wconf 89' lang='lat' dir='ltr'>injuriam</span> <span class='ocrx_word' id='word_1_248' title='bbox 1288 4140 1361 4207; x_wconf 86' lang='lat' dir='ltr'>illas</span> 
     </span>
     <span class='ocr_line' id='line_1_34' title="bbox 305 4243 1361 4331; baseline 0.002 -23"><span class='ocrx_word' id='word_1_249' title='bbox 305 4264 441 4330; x_wconf 81' lang='lat' dir='ltr'>magnes</span> <span class='ocrx_word' id='word_1_250' title='bbox 456 4249 560 4308; x_wconf 87' lang='lat' dir='ltr'>terras</span> <span class='ocrx_word' id='word_1_251' title='bbox 578 4266 689 4331; x_wconf 84' lang='lat' dir='ltr'>aroge</span> <span class='ocrx_word' id='word_1_252' title='bbox 704 4244 844 4331; x_wconf 83' lang='lat' dir='ltr'>Angliee,</span> <span class='ocrx_word' id='word_1_253' title='bbox 861 4250 900 4309; x_wconf 91' lang='lat' dir='ltr'>ut</span> <span class='ocrx_word' id='word_1_254' title='bbox 919 4249 1037 4309; x_wconf 87' lang='lat' dir='ltr'>notum</span> <span class='ocrx_word' id='word_1_255' title='bbox 1058 4250 1117 4310; x_wconf 87' lang='lat' dir='ltr'>est.</span> <span class='ocrx_word' id='word_1_256' title='bbox 1163 4243 1209 4307; x_wconf 87' lang='lat' dir='ltr'>Et</span> <span class='ocrx_word' id='word_1_257' title='bbox 1225 4243 1361 4310; x_wconf 78' lang='lat' dir='ltr'>Carolus</span> 
     </span>
     <span class='ocr_line' id='line_1_35' title="bbox 299 4346 1359 4434; baseline 0.002 -22"><span class='ocrx_word' id='word_1_258' title='bbox 299 4349 371 4433; x_wconf 87' lang='lat' dir='ltr'>jam</span> <span class='ocrx_word' id='word_1_259' title='bbox 393 4346 540 4412; x_wconf 79' lang='lat' dir='ltr'>haeredes</span> <span class='ocrx_word' id='word_1_260' title='bbox 556 4346 722 4412; x_wconf 87' lang='lat' dir='ltr'>Frederici</span> <span class='ocrx_word' id='word_1_261' title='bbox 744 4347 916 4434; x_wconf 82' lang='lat' dir='ltr'>magnifice</span> <span class='ocrx_word' id='word_1_262' title='bbox 939 4346 1146 4433; x_wconf 84' lang='lat' dir='ltr'>debellavit.¹</span> <span class='ocrx_word' id='word_1_263' title='bbox 1171 4347 1249 4413; x_wconf 91' lang='lat' dir='ltr'>Non</span> <span class='ocrx_word' id='word_1_264' title='bbox 1268 4369 1359 4414; x_wconf 76' lang='lat' dir='ltr'>cura</span> 
     </span>
     <span class='ocr_line' id='line_1_36' title="bbox 304 4449 1360 4537; baseline 0.002 -22"><span class='ocrx_word' id='word_1_265' title='bbox 304 4455 360 4515; x_wconf 88' lang='lat' dir='ltr'>tur</span> <span class='ocrx_word' id='word_1_266' title='bbox 382 4449 463 4535; x_wconf 88' lang='lat' dir='ltr'>quid</span> <span class='ocrx_word' id='word_1_267' title='bbox 484 4449 554 4528; x_wconf 87' lang='lat' dir='ltr'>fiat,</span> <span class='ocrx_word' id='word_1_268' title='bbox 577 4471 637 4515; x_wconf 87' lang='lat' dir='ltr'>neo</span> <span class='ocrx_word' id='word_1_269' title='bbox 664 4451 834 4537; x_wconf 90' lang='lat' dir='ltr'>quomodo,</span> <span class='ocrx_word' id='word_1_270' title='bbox 859 4470 917 4516; x_wconf 93' lang='lat' dir='ltr'>seu</span> <span class='ocrx_word' id='word_1_271' title='bbox 939 4470 997 4536; x_wconf 90' lang='lat' dir='ltr'>per</span> <span class='ocrx_word' id='word_1_272' title='bbox 1020 4449 1069 4514; x_wconf 85' lang='lat' dir='ltr'>fas</span> <span class='ocrx_word' id='word_1_273' title='bbox 1099 4471 1157 4515; x_wconf 89' lang='lat' dir='ltr'>seu</span> <span class='ocrx_word' id='word_1_274' title='bbox 1179 4472 1237 4537; x_wconf 91' lang='lat' dir='ltr'>per</span> <span class='ocrx_word' id='word_1_275' title='bbox 1259 4449 1360 4531; x_wconf 78' lang='lat' dir='ltr'>nefas,</span> 
     </span>
     <span class='ocr_line' id='line_1_37' title="bbox 306 4551 1361 4639; baseline 0.003 -23"><span class='ocrx_word' id='word_1_276' title='bbox 306 4551 482 4616; x_wconf 91' lang='lat' dir='ltr'>dummodo</span> <span class='ocrx_word' id='word_1_277' title='bbox 505 4552 645 4637; x_wconf 89' lang='lat' dir='ltr'>quilibet</span> <span class='ocrx_word' id='word_1_278' title='bbox 667 4575 760 4617; x_wconf 82' lang='lat' dir='ltr'>suem</span> <span class='ocrx_word' id='word_1_279' title='bbox 783 4551 915 4639; x_wconf 87' lang='lat' dir='ltr'>expleat</span> <span class='ocrx_word' id='word_1_280' title='bbox 936 4551 1164 4634; x_wconf 67' lang='lat' dir='ltr'>voluntatem</span> <span class='ocrx_word' id='word_1_281' title='bbox 1191 4558 1361 4619; x_wconf 87' lang='lat' dir='ltr'>ettamen</span> 
     </span>
    </p>
   </div>
   <div class='ocr_carea' id='block_1_3' title="bbox 303 4654 1358 4743">
    <p class='ocr_par' dir='ltr' id='par_1_10' title="bbox 303 4654 1358 4743">
     <span class='ocr_line' id='line_1_38' title="bbox 303 4654 1358 4743; baseline 0.001 -24"><span class='ocrx_word' id='word_1_282' title='bbox 303 4655 390 4741; x_wconf 83' lang='lat' dir='ltr'>gulae</span> <span class='ocrx_word' id='word_1_283' title='bbox 412 4660 447 4720; x_wconf 89' lang='lat' dir='ltr'>et</span> <span class='ocrx_word' id='word_1_284' title='bbox 469 4654 612 4720; x_wconf 78' lang='lat' dir='ltr'>luxuriae</span> <span class='ocrx_word' id='word_1_285' title='bbox 633 4654 864 4743; x_wconf 87' lang='lat' dir='ltr'>voluptatibus</span> <span class='ocrx_word' id='word_1_286' title='bbox 891 4655 1078 4723; x_wconf 86' lang='lat' dir='ltr'>inserviunt</span> <span class='ocrx_word' id='word_1_287' title='bbox 1100 4660 1135 4722; x_wconf 90' lang='lat' dir='ltr'>et</span> <span class='ocrx_word' id='word_1_288' title='bbox 1166 4662 1358 4722; x_wconf 75' lang='lat' dir='ltr'>caeterorum</span> 
     </span>
    </p>
   </div>
   <div class='ocr_carea' id='block_1_4' title="bbox 0 0 1798 5640">
    <p class='ocr_par' dir='ltr' id='par_1_11' title="bbox 0 0 1798 5640">
     <span class='ocr_line' id='line_1_39' title="bbox 0 0 1798 5640; baseline 0 1"><span class='ocrx_word' id='word_1_289' title='bbox 0 0 1798 5640; x_wconf 95' lang='lat' dir='ltr'> </span> 
     </span>
    </p>
   </div>
  </div>
 </body>
</html>
