3586 5640
306 773 386 862 m]
698 788 788 838 oros
808 787 968 840 reanum
1319 776 1359 842 41

306 962 435 1040 faeere3
468 964 504 1026 et
525 959 572 1025 sie
593 957 635 1023 de
658 957 805 1023 infinitis
851 957 935 1025 Haeo
958 959 1062 1046 igitur
1077 959 1214 1030 scientia
1240 958 1363 1047 duplex

307 1063 453 1130 nkimiae
482 1062 656 1150 ignoratur
674 1060 718 1126 ab
747 1059 900 1126 omnibus
930 1060 1018 1141 fem
1055 1083 1134 1126 nam
1163 1061 1241 1128 lieet
1264 1061 1363 1127 multi

308 1189 367 1256 per
392 1164 554 1232 mundum
575 1162 728 1230 laborent
755 1169 796 1228 ut
824 1161 948 1228 faciant
980 1163 1123 1244 metella
1155 1169 1190 1231 et
1215 1162 1363 1244 soleres,¹

306 1276 341 1337 et
361 1269 438 1348 alia
455 1274 569 1333 tamen
590 1264 778 1354 paneimimi
800 1264 910 1330 sciunt
931 1266 1092 1332 veraciter
1114 1264 1220 1331 faoem
1241 1266 1364 1331 oolores

309 1378 345 1439 et
383 1369 530 1448 militen
574 1374 610 1434 et
645 1366 715 1434 fene
759 1366 870 1432 nullm
907 1366 970 1434 soit
1009 1367 1114 1434 faeere
1151 1366 1295 1447 metalla,
1329 1373 1365 1433 et

310 1473 477 1563 pauciores
512 1475 593 1536 sunt
629 1469 687 1555 qui
719 1468 826 1534 sciant
861 1468 967 1535 faeere
1000 1490 1107 1556 opera,
1138 1491 1213 1555 ques
1251 1469 1366 1535 valent

311 1576 355 1642 ad
386 1572 669 1663 prolongationem
706 1571 795 1637 vitm
853 1569 900 1635 Et
932 1571 1034 1636 stiam
1065 1571 1161 1658 pauci
1199 1577 1279 1636 sunt
1308 1571 1366 1656 qui

311 1677 417 1745 sciant
446 1673 609 1741 distillare
645 1673 740 1753 bene,
778 1677 814 1738 et
844 1670 1028 1752 sublimare,
1055 1679 1090 1738 et
1126 1672 1295 1752 esloinare,
1327 1678 1363 1739 et

311 1778 481 1859 weelnere,
510 1782 546 1843 et
581 1773 770 1863 hujusmodi
801 1794 901 1860 opera
930 1774 1014 1840 artis
1047 1774 1161 1857 faeere,
1198 1797 1257 1863 per
1293 1797 1368 1861 quse

312 1903 425 1948 omnes
456 1901 508 1946 res
537 1877 729 1944 inanimatae
754 1875 985 1958 eertifieantm,
1008 1883 1043 1943 et
1064 1898 1123 1965 per
1144 1899 1219 1963 quae
1248 1877 1367 1943 oertifi·

313 1989 430 2050 eantnr
452 1980 591 2048 slkimia
612 1977 825 2066 speculativa,
848 1983 883 2044 et
904 1978 1067 2044 naturalis
1095 1978 1310 2067 philosophia,
1333 1984 1369 2046 et

314 2084 485 2152 medicina

359 2183 490 2252 Deinde
515 2205 583 2249 non
612 2188 693 2248 sunt
721 2187 790 2248 tres
821 2182 910 2248 inter
933 2181 1080 2264 Latinos,
1110 2183 1169 2270 qui
1203 2183 1452 2272 dederuntv«,
1461 2205 1510 2257 rev

314 2312 349 2355 se
364 2288 407 2354 ad
429 2288 498 2366 boo,
521 2291 562 2353 ιιι
582 2285 704 2352 seirent
726 2283 896 2349 alkimiam
920 2285 1164 2370 speculativam,
1190 2273 1524 2353 secundumfflw

315 2389 404 2478 quod
448 2388 523 2455 seiri
560 2393 678 2475 potest,
712 2387 783 2452 sine
816 2386 969 2474 operibus
1013 2387 1160 2454 slldmiae
1196 2338 1508 2486 praetieaess‘pff'

316 2493 438 2560 scilieet
458 2489 637 2556 secundum
657 2488 745 2574 quod
759 2487 838 2555 libri
858 2494 894 2555 et
908 2495 1056 2556 auctores
1078 2490 1205 2572 docent,
1227 2492 1285 2578 qui
1308 2491 1368 2559 boe
1379 2473 1508 2535 ’ΨΜ

317 2596 539 2683 probaverunt
560 2614 618 2678 per
649 2612 755 2678 opera
800 2591 897 2659 Unus
930 2591 1018 2658 solus
1048 2599 1098 2659 est
1120 2593 1178 2680 qui
1200 2600 1311 2681 potest
1332 2539 1535 2659 ini-iffi-

317 2698 387 2780 boo,
408 2701 444 2763 et
465 2693 681 2783 penitimimus
695 2693 803 2758 estin
826 2693 901 2760 istis
922 2693 1083 2761 omnibus
1130 2694 1176 2760 Et
1197 2695 1276 2782 quia
1297 2701 1367 2761 tam
1380 2671 1538 2806 &1:ae

318 2796 414 2889 pauci
436 2797 546 2864 seiunt
561 2795 640 2877 haee,
656 2794 730 2860 ideo
745 2816 813 2862 non
823 2796 1005 2883 dignantur
1027 2795 1112 2861 aliis
1126 2798 1368 2863 communicare

318 2925 377 2969 nee
398 2923 473 2968 eum
494 2898 569 2964 aliis
595 2919 682 2964 esse:
706 2897 785 2982 qnia
807 2898 889 2962 elios
911 2896 1061 2962 homines
1083 2903 1240 2983 reputent
1261 2898 1370 2963 asinos

318 3010 354 3072 et
375 3004 515 3084 insanos,
551 3000 609 3087 qui
631 3004 750 3066 vacant
784 2997 1051 3065 cavillationibus
1083 2997 1169 3083 juris
1191 3005 1226 3063 et
1247 2999 1371 3084 sophis-

319 3106 465 3174 matibus
486 3103 686 3183 artistarum,
701 3123 776 3188 quae
799 3099 1052 3166 defoedavenmt
1067 3098 1315 3187 philosophiam,
1339 3105 1374 3164 et

320 3208 524 3286 medicinam,
557 3212 592 3273 et
621 3202 831 3290 theologiam.
879 3199 925 3267 Et
962 3223 1060 3289 opem
1097 3201 1193 3268 istius
1230 3200 1375 3268 scientim

321 3316 399 3378 sunt
420 3308 574 3385 difficilia,
590 3312 625 3373 et
640 3304 862 3371 maximarum
889 3325 1116 3392 expensarum,
1139 3308 1273 3392 propter
1295 3325 1377 3390 quas

321 3414 421 3481 etiam
443 3411 502 3491 illi,
525 3408 584 3497 qui
606 3408 690 3474 bene
713 3407 949 3472 soiunterlem
972 3406 1136 3494 operandi,
1159 3428 1224 3472 non
1241 3411 1378 3494 possunt

321 3515 469 3604 operari3
502 3518 537 3578 et
560 3510 638 3577 libri
670 3509 768 3596 hujus
805 3508 951 3574 scientim
973 3509 1020 3575 sie
1050 3507 1265 3585 emebantur,
1289 3507 1378 3594 quod

321 3619 382 3686 vix
415 3619 525 3704 potest
553 3613 652 3701 homo
674 3610 824 3676 invenire
859 3631 923 3690 eos,
947 3632 1021 3675 eum
1044 3616 1156 3675 temen
1179 3611 1247 3674 sint
1269 3609 1379 3696 plures

321 3742 420 3810 quam
457 3717 494 3783 in
527 3715 595 3782 slis
625 3712 792 3791 facultate,
828 3712 886 3797 qui
919 3711 1021 3776 etiam
1055 3715 1190 3798 propter
1224 3709 1377 3775 multitu·

323 3823 435 3889 dinem
481 3817 580 3884 multi
629 3819 825 3882 oonstaient
895 3810 1035 3877 Radiees
1077 3817 1189 3876 entem
1236 3809 1380 3878 olkimiae

323 3921 533 4013 spoemovae
591 3939 651 4006 ego
701 3915 795 4004 posui
853 3912 1032 3980 seeundum
1088 3911 1379 3978 considerationem

324 4027 511 4107 Avioennae,
549 4020 711 4111 praeeipue
749 4018 786 4082 in
823 4014 1026 4102 expositione
1060 4014 1183 4101 peceati
1221 4014 1307 4079 sexti
1344 4015 1381 4080 in

324 4128 444 4197 Studio
466 4122 665 4212 theologiis-³
697 4119 785 4186 Nem
810 4117 858 4183 ibi
873 4115 968 4183 texui
992 4121 1099 4183 totam
1122 4137 1230 4183 rerum
1245 4137 1379 4203 genera·

325 4233 449 4300 tionem
483 4250 526 4295 ex
560 4222 740 4303 elementis,
763 4226 799 4286 et
824 4223 961 4288 oonatus
994 4241 1066 4286 sum
1097 4217 1275 4286 eertifieere
1306 4241 1380 4286 cum

326 4354 447 4422 magns
480 4327 653 4418 diligentia
686 4321 841 4412 quioquid
864 4326 994 4408 oportet
1027 4322 1074 4388 ibi
1105 4321 1179 4388 seiri
1201 4321 1380 4389 secundum

381 4684 536 4754 ‘elcole
554 4702 604 4737 om.
621 4687 651 4738 Τ.
862 4679 868 4749 Ι
915 4684 926 4714 ²
942 4681 974 4732 ln
984 4681 1027 4734 the
1039 4684 1110 4749 Opas
1122 4681 1215 4736 unm.
