3586 5640
307 801 423 889 xxm]
697 816 785 868 orus
807 818 966 870 rrnrwu.
1296 806 1361 872 109

308 997 437 1085 agentis
470 999 521 1061 est
551 995 740 1082 compositu,
772 1001 807 1060 et
843 1018 909 1060 non
948 1001 998 1061 est
1030 996 1131 1062 solius
1165 996 1287 1074 formoe,
1322 1003 1362 1064 ut

307 1101 500 1166 estimatur.
547 1099 592 1163 Et
623 1099 710 1184 quod
743 1098 863 1185 species
901 1099 950 1163 rei
982 1099 1178 1165 universalis
1209 1101 1255 1165 sit
1285 1102 1359 1165 uni-

306 1201 452 1280 versalis,
475 1205 510 1266 et
533 1200 654 1287 species
688 1202 734 1265 rei
761 1200 937 1287 singularis
969 1200 1036 1266 sit¹
1073 1201 1255 1288 singularis.
1315 1203 1360 1268 Et

307 1304 470 1391 quomodo
501 1303 590 1368 idem
623 1302 704 1368 facit
738 1324 839 1390 agens
870 1303 906 1367 in
935 1304 1152 1390 quodcunque
1175 1311 1276 1393 agat:
1316 1311 1354 1370 ut

307 1409 335 1471 si
358 1407 499 1472 calidum
523 1410 602 1492 agat
632 1405 669 1469 in
691 1405 858 1492 frigidum,
881 1411 917 1471 et
939 1406 974 1470 in
1005 1413 1141 1484 tactum,
1165 1407 1246 1472 facit
1276 1408 1360 1472 illud

307 1510 393 1575 idern
416 1509 452 1572 in
475 1515 660 1594 utrumque,
693 1507 817 1573 scilicet
846 1509 1005 1594 speciem
1036 1510 1093 1574 aed
1120 1510 1361 1575 diversificatur

307 1611 453 1698 operatio
486 1633 507 1676 a
540 1617 635 1698 parte
669 1611 906 1697 recipientium,
940 1610 1025 1676 sicut
1056 1612 1104 1676 sol
1137 1633 1196 1699 per
1221 1613 1359 1679 candem

306 1715 465 1780 virtutem
498 1714 650 1779 dissolvit
683 1712 820 1800 glaciem
844 1719 877 1780 et
909 1713 1105 1801 constringit
1136 1715 1252 1781 lutum.
1315 1716 1360 1782 Et
1372 1733 1500 1804 Persecuy

306 1816 420 1882 addidi
444 1838 517 1903 quae
548 1816 683 1904 agentia
705 1821 845 1903 possunt
875 1817 1036 1904 complere
1070 1839 1146 1882 suas
1169 1817 1300 1905 species,
1324 1801 1495 1938 elffii,

307 1942 381 2006 quae
403 1942 477 1986 non.
524 1920 613 1984 Nam
634 1919 770 2006 agentia
790 1919 915 1984 nobilia
934 1942 1003 1985 non
1017 1925 1163 2006 possunt,
1179 1926 1218 1985 ut
1239 1920 1357 2008 angeli,
1495 1908 1503 1924 '

306 2029 341 2088 et
364 2023 518 2100 coelestia,
535 2028 570 2088 et
595 2023 752 2098 homines,
779 2028 813 2088 et
835 2027 953 2088 caetera
977 2024 1145 2102 animata;
1172 2043 1231 2088 nec
1257 2024 1358 2088 etia-m

306 2127 490 2190 inanimata
512 2126 620 2190 mixta
641 2146 683 2190 ex
705 2124 896 2191 elementis:
920 2126 998 2211 quia
1021 2130 1102 2191 tunc
1123 2125 1259 2211 angelus
1285 2148 1357 2211 pro·

307 2229 439 2292 duceret
471 2227 632 2314 angelum,
652 2226 705 2293 et’
739 2228 788 2292 sol
807 2227 918 2308 solem,
953 2234 987 2293 et
1010 2229 1107 2293 homo
1126 2228 1301 2309 hominem,
1323 2229 1358 2294 in

307 2330 517 2417 generatione
552 2330 691 2416 speciei3
730 2336 765 2396 et
803 2330 849 2396 sic
886 2331 1050 2417 quidlibet
1086 2337 1258 2418 generaret
1301 2354 1358 2419 per

309 2435 393 2498 lranc
412 2433 502 2497 viam
522 2432 718 2520 completum
743 2433 954 2499 individuum
982 2434 1088 2499 simile
1108 2435 1139 2500 ci
1170 2435 1303 2500 nomine
1323 2442 1358 2500 et

308 2536 509 2612 definitione,
531 2535 618 2623 qnod
642 2559 710 2602 esse
730 2557 798 2600 non
823 2541 938 2623 potest.
985 2537 1073 2603 Sunt
1099 2537 1200 2603 etiam
1225 2539 1359 2626 agentia

308 2639 437 2720 debilia,
454 2638 545 2726 quae³
564 2661 632 2704 non
646 2642 784 2726 possunt
798 2640 958 2726 complere
973 2661 1048 2705 suas
1063 2642 1193 2728 species,
1209 2646 1248 2706 ut
1262 2643 1359 2719 color,

307 2743 394 2823 odor,
421 2764 523 2829 sapor,
550 2747 586 2808 et
609 2763 715 2808 sonus
775 2741 937 2823 Sedabo,
962 2747 1003 2809 ut
1021 2749 1164 2829 quatuor
1187 2744 1357 2824 elementa,

307 2850 341 2911 et
370 2867 482 2910 eorum
505 2849 648 2931 quatuor
670 2843 857 2930 qualitates,
882 2850 916 2910 et
938 2845 1007 2925 lux,
1035 2851 1171 2931 possunt
1200 2848 1359 2933 complere

308 2969 382 3013 suas
409 2947 538 3034 species.
600 2946 683 3012 Haec
710 2947 798 3012 enirn
826 2968 945 3012 novem
981 2951 1060 3012 sunt
1086 2946 1243 3012 habentia
1261 2970 1357 3034 gene-

308 3051 470 3116 rationem
500 3047 702 3136 specierum*
758 3049 803 3115 Et
833 3050 873 3114 de
907 3049 1111 3136 patientibus
1140 3055 1175 3114 et
1204 3051 1359 3136 recipien-

307 3154 398 3218 tibus
423 3152 611 3238 hujusmodi
635 3152 775 3239 speciem
796 3158 845 3217 est
870 3173 991 3240 magna
1010 3152 1248 3218 consideratio:
1279 3176 1359 3240 quo·

308 3255 406 3320 modo
435 3254 559 3320 scilicet
590 3253 753 3319 elementa
777 3265 913 3340 possunt
943 3256 1012 3342 pati
1043 3278 1063 3320 a
1093 3256 1183 3336 coelo,
1214 3262 1249 3322 et
1278 3279 1358 3343 quo-

307 3358 406 3422 modo
444 3357 589 3422 coelestia
619 3361 756 3442 possunt
785 3358 927 3443 recipere
962 3359 1084 3444 specics
1114 3360 1357 3439 elementorum,

306 3465 341 3525 et
366 3459 527 3545 quomodo
551 3457 698 3524 coelestia
724 3480 744 3522 a
770 3459 966 3538 caelestibus,
988 3466 1023 3526 et
1049 3461 1244 3548 hujusmodi.
1313 3463 1358 3526 Et

307 3562 438 3627 ostendi
474 3583 589 3627 causas
625 3560 773 3626 omnium
816 3561 953 3627 istorum
994 3563 1079 3628 circa
1114 3565 1357 3652 generationem

306 3664 491 3752 specierum.

310 3879 1154 3891 α--κ-ῠ--σ-σ--ῄ--ῂ-
1163 3885 1184 3890 ..
1188 3884 1357 3894 -...-—-..--

340 4029 405 4096 Mil]
423 4045 472 4081 om.
492 4029 523 4082 Τ.
894 4029 964 4080 ⁴lroec
991 4031 1052 4080 enim
1080 4032 1173 4098 nocem]
1209 4032 1263 4082 bruc
1292 4031 1359 4082 enim

337 4110 394 4176 ἰε]
413 4125 462 4161 om.
479 4107 511 4158 T.
859 4127 951 4163 noveru
968 4119 1028 4160 sunt
1044 4113 1182 4162 neccssaria
1199 4113 1230 4162 ad
1253 4127 1358 4176 genera·

339 4191 455 4256 'cynah
466 4187 564 4249 debilia,
575 4187 640 4253 qua]
652 4189 752 4255 agentia
762 4190 806 4240 de·
858 4192 952 4242 alonem
962 4191 1095 4253 rerum,B.
1131 4191 1204 4242 Sola
1218 4191 1258 4251 U.‚
1270 4201 1360 4257 except

305 4267 372 4329 bilia,
387 4277 416 4319 nt
426 4268 500 4330 color,
511 4269 581 4327 odor,
594 4282 674 4332 sapor.
686 4283 712 4320 et
723 4284 808 4329 sonus,
858 4271 912 4322 that
923 4271 984 4338 they
997 4271 1059 4323 omit
1070 4288 1158 4325 aotam.

307 4360 362 4412 qn·
371 4362 422 4398 nou
433 4355 544 4413 possum
554 4349 605 4413 gc,
622 4345 654 4398 T.
