3586 5640
315 781 414 868 nvn]
702 800 791 851 orus
812 800 970 850 uranon.
1298 789 1361 851 225

308 977 390 1059 puto
422 975 532 1058 potest
563 971 623 1037 hoc
661 974 797 1059 probare
833 996 891 1060 per
922 973 1160 1039 revolutionem
1204 977 1361 1061 temporis

307 1096 409 1159 usque
432 1075 475 1138 ad
498 1073 585 1138 diem
611 1075 783 1140 Passionis.
831 1075 877 1140 Et
907 1097 980 1140 cum
1011 1080 1122 1140 totum
1156 1077 1276 1161 vulgus
1308 1078 1361 1142 vel

306 1181 393 1241 erret
415 1174 478 1254 hio,
500 1176 553 1241 vel
583 1175 722 1241 dubium
746 1177 950 1264 sapientibus
973 1182 1143 1263 proponat,
1169 1199 1227 1242 nec
1261 1178 1361 1243 habet

306 1276 425 1362 aliquis
462 1276 503 1341 de
533 1278 633 1363 vulgo
664 1279 759 1352 unde
796 1279 913 1365 probet
951 1279 1039 1364 quod
1077 1278 1167 1354 dicit,
1191 1300 1250 1344 nec
1283 1301 1356 1364 qua·

306 1378 384 1442 liter
405 1379 603 1465 respondeat
626 1380 819 1459 rationibus,
838 1380 998 1467 Magister
1019 1385 1133 1446 tamen
1156 1381 1191 1446 in
1213 1381 1360 1446 historiis

308 1479 446 1567 pessime
469 1489 566 1548 errat.

353 1593 517 1674 Quoniam
539 1616 700 1681 ponamus
722 1597 811 1683 quod
832 1618 900 1662 non
928 1601 1015 1661 erret
1043 1596 1079 1660 in
1102 1595 1239 1662 dicendo
1273 1599 1360 1684 quod

309 1696 551 1780 quintadecima
580 1698 667 1778 luna,
696 1702 731 1762 et
757 1703 873 1764 octavo
898 1696 1058 1762 kalendas
1091 1697 1217 1764 fuerit¹
1248 1721 1360 1786 passus

306 1797 488 1878 Dominus;
510 1804 622 1864 tamen
645 1821 718 1865 cum
734 1800 809 1865 vult
831 1799 893 1865 hoc
915 1800 1063 1886 probare,
1079 1806 1167 1865 enat
1182 1799 1272 1864 ultra
1290 1823 1358 1865 mo-

307 1899 396 1979 dum,
419 1906 454 1965 et
477 1900 569 1966 ducit
591 1923 704 1967 omnes
719 1902 755 1966 in
771 1923 921 1979 errorem,
945 1908 984 1967 ut
1007 1901 1143 1967 credant
1165 1903 1254 1988 quod
1277 1902 1359 1967 bene

307 2002 496 2090 probaverit
518 2004 605 2089 quod
620 2003 781 2090 proponit.
820 2004 857 2069 Si
873 2004 960 2068 enim
983 2003 1081 2068 horno
1103 2005 1277 2070 veritatem
1300 2005 1359 2070 ali-

309 2127 407 2190 quam
430 2127 489 2192 pro
516 2105 599 2170 falsa
632 2107 754 2171 nititur
786 2106 933 2192 probare,
957 2109 992 2169 et
1014 2107 1130 2170 asserit
1162 2127 1254 2170 suam
1286 2128 1360 2193 pro-

308 2205 482 2283 bationem,
517 2230 584 2272 non
617 2209 726 2272 minus
758 2214 808 2273 est
840 2208 1068 2295 vituperabilis
1102 2229 1200 2292 quam
1223 2208 1278 2272 illo
1301 2210 1359 2293 qui

307 2307 424 2372 falsum
456 2306 583 2373 nititur'
608 2330 666 2396 per
688 2309 769 2374 salsa
798 2309 936 2396 probare
948 2332 957 2388 3
990 2311 1091 2373 immo
1113 2310 1217 2395 magis
1239 2310 1275 2372 in
1298 2309 1359 2374 hoc

308 2408 504 2474 deridendus
526 2415 584 2488 est,
601 2409 689 2496 quod
704 2434 761 2497 per
783 2411 866 2475 falsa
888 2411 1031 2476 maculat
1046 2411 1230 2475 veritatem.
1266 2410 1359 2475 Veri-

307 2515 359 2576 tas
382 2513 468 2577 enim
485 2513 653 2578 mendacio
668 2534 735 2576 non
750 2513 886 2599 indiget
932 2513 1015 2578 Dico
1033 2513 1136 2599 igitur
1159 2513 1247 2598 quod
1270 2515 1358 2598 quio-

307 2614 387 2699 quid
409 2614 455 2678 sit
477 2613 517 2679 de
540 2615 742 2680 conclusione
765 2615 895 2680 intenta
926 2614 1084 2702 Magister
1114 2619 1203 2680 errat
1225 2616 1358 2680 omnino

305 2717 341 2779 in
376 2738 434 2781 sua
468 2717 688 2802 propositione
723 2739 821 2801 quam
854 2717 956 2803 ponit,
990 2717 1025 2780 in
1059 2717 1124 2780 fine
1155 2716 1292 2802 capituli
1315 2717 1356 2780 de

307 2817 410 2883 Ooena
433 2819 588 2896 Domini3
610 2841 683 2883 cum
707 2819 797 2897 dicit,
821 2819 848 2882 si
871 2818 1021 2883 revolvas
1041 2817 1191 2882 tabulas⁹
1213 2820 1358 2904 computi

305 2920 341 2983 in
375 2942 461 2984 anno
494 2919 666 2999 Passionis
701 2920 850 2985 invenies
880 2921 994 2984 lunam
1032 2919 1221 2982 vicesimam
1244 2940 1358 2983 secuu-

306 3020 391 3099 dam,
438 3023 472 3086 in
517 3021 668 3087 kalendis
691 3022 824 3109 Aprilis,
848 3027 883 3087 et
905 3021 992 3086 diem
1026 3020 1184 3098 Veneris3
1224 3042 1301 3106 ergo
1324 3022 1359 3085 in

305 3129 421 3189 octavo
443 3123 602 3214 kalendas
634 3123 700 3190 fuit
722 3124 801 3188 luna
824 3122 1076 3209 quintadecima,
1100 3127 1135 3187 et
1158 3123 1228 3187 dies
1250 3122 1357 3188 Vene-

305 3225 356 3291 ris.
414 3225 535 3292 Totum
569 3226 660 3291 istud
694 3230 927 3314 argumentum
962 3225 1057 3312 ponit
1079 3226 1294 3313 compositum
1317 3247 1358 3290 ex

305 3326 432 3392 duabus
455 3327 702 3413 consequentiis.

349 3428 416 3494 Sed
439 3452 481 3495 ex
504 3431 610 3517 prima
641 3434 823 3515 sequuntur
846 3429 911 3495 duo
942 3429 1163 3516 impossibilia
1220 3428 1308 3493 Nam
1331 3430 1359 3494 si

305 3531 510 3596 revolvamus
543 3531 673 3597 tabulas
705 3529 874 3618 computi,³
906 3538 941 3598 et
973 3516 1061 3596 luna¹
1074 3532 1175 3596 tirerit
1205 3531 1360 3595 vicesima

307 3632 448 3697 secunda
470 3635 505 3697 in
528 3633 678 3698 kalendis
700 3633 832 3720 Aprilis,
868 3633 1017 3719 sequitur
1039 3632 1128 3718 quod
1150 3654 1267 3696 aureus
1299 3654 1360 3695 nu-

307 3756 414 3800 merus
441 3735 542 3800 fuerit
563 3734 709 3800 decimus
731 3736 849 3800 tertius
880 3736 916 3799 in
950 3756 1036 3799 anno
1060 3733 1231 3810 Passionis,
1256 3733 1360 3796 etita

305 3837 393 3922 quod
415 3835 516 3901 fuerit
531 3835 676 3901 decimus
698 3837 816 3902 tertius
838 3858 943 3901 armus
967 3835 1090 3902 Christi
1106 3834 1283 3899 secundum
1306 3855 1361 3918 cy-

305 3937 380 4003 clos.
439 3938 505 4004 Sed
527 3943 607 4004 tunc
630 3938 670 4003 de
693 3939 885 4004 necessitate
917 3937 1064 4023 sequitur
1086 3935 1174 4021 quod
1198 3934 1360 3999 Dominus

305 4038 370 4104 fuit
408 4062 521 4127 passus
562 4041 597 4104 in
629 4040 792 4107 tricesimo
826 4060 920 4119 anne,
956 4044 991 4104 et
1022 4039 1057 4102 in
1089 4038 1141 4102 die
1176 4037 1358 4114 Dominica,

308 4141 393 4206 sicut
422 4141 562 4226 quilibet
592 4147 702 4229 potest
724 4142 873 4229 experiri,
906 4140 964 4226 qui
997 4140 1059 4206 scit
1096 4138 1243 4205 tabulam
1277 4138 1360 4203 hanc

181 4249 183 4254 ’
309 4244 483 4309 revolvere.
540 4243 585 4310 Et
614 4244 676 4310 hoc
702 4245 825 4332 poterit
847 4243 1024 4322 lohannes,
1049 4263 1145 4329 quem
1179 4241 1263 4321 misi,
1289 4261 1360 4327 pro·

343 4618 451 4685 ’[Ψῐῑ]
470 4619 525 4680 fust,
536 4621 567 4670 Β·
892 4620 902 4649 ⁸
914 4615 1009 4668 tabulae
1019 4615 1135 4683 computi]
1155 4619 1307 4678 computum,
1317 4611 1348 4660 B.

343 4699 353 4727 ²
365 4696 474 4764 tabulas]
494 4701 614 4764 tabulam,
625 4700 654 4751 B.

399 4794 473 4842 VOL.
491 4795 513 4846 1.
1208 4787 1230 4836 P
