3586 5640
306 787 415 874 sam]
705 806 793 856 orus
815 806 974 856 rssrrun.
1299 795 1359 858 183

305 1001 421 1066 eorpus
464 984 670 1067 assumptum
713 981 891 1046 mutabant
932 981 1048 1059 locum,
1088 987 1123 1045 et
1161 982 1286 1046 fiebant
1324 981 1360 1045 in
1439 1056 1442 1060 ⁴

306 1083 444 1149 diversis
481 1083 580 1165 loeis,
610 1084 668 1149 sed
705 1083 892 1149 substantia
921 1083 1068 1170 angelica
1104 1084 1262 1149 remansit
1298 1085 1360 1148 im-

305 1186 437 1252 mobilis
460 1209 601 1274 praessns
624 1185 748 1252 scilieet
778 1186 868 1265 ooelo,
894 1208 961 1251 non
986 1185 1103 1252 absens
1129 1209 1150 1250 a
1175 1191 1273 1266 terra,
1301 1209 1361 1253 neo

306 1295 418 1356 tamen
455 1289 563 1356 looum
601 1289 721 1355 alieubi
759 1311 928 1376 occupans,
967 1311 1026 1355 nee
1064 1289 1287 1355 determinans
1325 1290 1361 1354 in

307 1392 391 1458 ooelo
412 1414 473 1459 neo
495 1393 533 1457 in
554 1397 652 1458 terra

351 1494 418 1561 Sed
441 1501 522 1562 tuno
542 1496 637 1562 fortis
651 1494 790 1582 objectio
814 1495 928 1573 oritur,
953 1494 1032 1582 quia
1049 1500 1129 1561 tune
1151 1496 1215 1562 erit
1239 1495 1361 1582 ubique
1374 1516 1512 1582 obsonum,

195 1660 197 1663 ,
306 1597 392 1664 siout
423 1598 522 1677 Deus,
553 1603 588 1665 et
624 1599 675 1664 ita
704 1597 769 1664 erit
798 1597 955 1685 potentiss
986 1598 1134 1665 infinitas.
1197 1600 1234 1665 Si
1272 1598 1360 1664 enim
1372 1586 1486 1718 ffigfm

305 1705 357 1766 est
394 1701 572 1767 immobilis
612 1701 790 1767 secundum
827 1701 943 1779 looum,
979 1706 1014 1767 et
1055 1723 1122 1766 non
1161 1701 1360 1767 determinat
1372 1719 1523 1785 ubiquitoua

306 1802 370 1870 sibi
399 1804 508 1872 looum
536 1805 573 1870 in
603 1804 685 1871 coelo
708 1826 767 1870 neo
797 1803 833 1868 in
859 1809 958 1885 terra,
985 1809 1021 1870 et
1046 1827 1121 1869 oum
1143 1826 1286 1891 praesens
1308 1787 1496 1907 estffiffffid

305 1907 388 1974 ooelo
410 1929 479 1974 non
504 1909 598 1974 abest
621 1929 642 1974 a
668 1912 764 1984 terra,
789 1929 867 1993 ergo
892 1907 956 1973 erit
979 1907 1016 1972 in
1040 1908 1122 1974 ooelo
1147 1912 1182 1973 et
1208 1908 1245 1972 in
1271 1912 1360 1974 terra

306 2011 404 2076 simul
443 2016 478 2077 et
514 2010 634 2091 semel;
672 2015 706 2076 et
736 2010 785 2075 ita
821 2009 952 2095 ubique,
983 2010 1068 2076 sieut
1095 2011 1186 2076 Deus
1198 2034 1206 2091 ;
1231 2016 1266 2076 et
1296 2009 1361 2076 orit

305 2114 463 2199 potentiae
485 2113 636 2191 infinitae,
667 2112 747 2198 qnia
768 2134 861 2200 posse
884 2133 953 2177 esse
983 2113 1106 2199 ubique
1128 2119 1179 2179 ost
1201 2113 1359 2200 potentia

305 2215 456 2282 infinitoe.
517 2216 562 2282 Et
592 2216 750 2280 dixemmt
779 2213 822 2280 ad
853 2215 914 2280 hoo
943 2215 1033 2301 quod
1063 2216 1155 2282 Deus
1187 2239 1230 2282 ex
1261 2237 1360 2282 eausa

306 2319 428 2406 duplici
456 2340 524 2384 non
560 2319 653 2384 abest
682 2317 779 2383 alicui
817 2319 895 2398 loeo,
938 2323 1011 2384 tum
1051 2320 1130 2405 quia
1172 2319 1361 2385 substantia

306 2421 484 2508 spiritualis
529 2427 589 2503 est,
635 2427 669 2487 et
706 2426 854 2508 respectu
891 2421 1026 2508 spiritus
1060 2444 1128 2488 uon
1172 2424 1360 2489 attenditur

306 2524 468 2590 distantia
497 2523 692 2611 corporalis3
729 2529 803 2590 tum
841 2524 920 2610 quia
950 2529 1001 2590 est
1027 2526 1186 2612 potentiae
1217 2526 1359 2592 infinitse

306 2627 505 2695 continentis
535 2627 645 2694 omnia
682 2631 717 2692 et
749 2627 879 2714 singula
904 2650 963 2714 per
999 2629 1204 2714 praesentiam
1244 2628 1360 2714 majes-

306 2731 393 2797 tatis
469 2731 557 2796 Nam
601 2730 698 2796 aliter
742 2735 827 2796 esset
871 2731 1020 2796 vacuitas
1056 2731 1093 2795 in
1136 2736 1286 2797 creatura
1323 2736 1359 2796 et

307 2834 460 2912 defectus,
486 2833 607 2919 quibus
643 2831 796 2898 tenderet
833 2832 869 2897 in
906 2854 974 2897 nou
1012 2855 1088 2898 esse.
1148 2833 1193 2898 Et
1231 2834 1360 2900 ratione

305 2937 402 3003 istius
439 2935 650 3024 proprietatis
687 2934 811 3000 divinae
840 2940 891 3000 est
928 2939 1015 3000 reete
1044 2935 1178 3020 ubique,
1209 2941 1244 3000 et
1281 2936 1360 3021 quia

306 3044 438 3131 ubique,
470 3065 513 3109 ex
550 3043 612 3109 hae
649 3041 786 3122 ratione,
816 3040 890 3106 ideo
920 3061 987 3105 non
1024 3040 1118 3105 abest
1147 3041 1245 3105 alicui
1282 3041 1361 3106 looo.

307 3147 472 3230 Quoniam
495 3145 597 3212 otiam
612 3145 704 3211 Deus
726 3149 777 3210 est
799 3148 919 3208 natura
941 3141 1128 3229 spiritualis,
1152 3163 1221 3208 non
1243 3143 1361 3229 recipit
1373 3158 1430 3238 Tne
1445 3159 1529 3225 objeo·

306 3249 501 3315 distantiam
523 3247 730 3335 oorporalem,
754 3250 789 3312 et
810 3247 884 3312 ideo
906 3267 1049 3333 praesens
1071 3246 1153 3311 coelo
1177 3267 1244 3311 non
1266 3247 1361 3312 abest
1374 3233 1485 3346 Q}

306 3349 424 3419 torra¹
470 3351 620 3439 Angelus
640 3355 752 3416 autem
776 3370 844 3416 non
869 3348 970 3414 habet
992 3349 1154 3414 rationem
1174 3349 1359 3435 majestatis

307 3476 367 3522 noo
392 3455 552 3542 potentiss
578 3453 728 3530 infinitae,
757 3456 792 3518 et
821 3452 895 3518 ideo
925 3474 968 3517 ex
997 3452 1059 3518 hac
1090 3458 1183 3540 parte
1213 3475 1281 3519 non
1311 3457 1362 3518 est

306 3558 437 3644 ubique,
467 3579 529 3623 neo
566 3579 640 3622 eum
669 3577 811 3642 praesens
842 3559 891 3621 est
921 3555 1003 3621 ooelo
1034 3577 1102 3620 non
1138 3557 1233 3621 abest
1262 3561 1360 3621 terra.

308 3659 374 3727 Sed
418 3660 546 3727 ratione
583 3657 840 3747 spiritualitatis,
880 3680 955 3746 quae
1000 3659 1125 3722 nullam
1171 3658 1361 3723 distantiam

306 3764 423 3851 recipit
447 3763 654 3852 corporalem,
678 3763 757 3848 quia
782 3760 911 3826 nullum
941 3761 1041 3826 situm
1064 3760 1174 3840 habet,
1200 3761 1279 3846 quia
1301 3782 1362 3828 neo

306 3867 452 3933 situatur
477 3866 514 3931 in
537 3865 618 3933 eoelo
641 3869 681 3930 ut
702 3864 806 3944 stella,
821 3886 882 3929 nee
904 3863 940 3927 iu
962 3867 1052 3928 terra
1073 3867 1112 3926 ut
1134 3863 1241 3940 homo,
1259 3863 1361 3930 habet

307 3969 398 4055 quod
426 3991 569 4057 praesens
599 3969 680 4035 coelo
711 3988 777 4034 non
800 3966 895 4032 abest
924 3971 1021 4046 terra,
1051 3987 1111 4031 nec
1141 3965 1253 4031 distat.
1315 3964 1361 4032 Et

306 4072 381 4138 ideo
405 4073 582 4140 secundum
604 4071 690 4136 hane
711 4070 800 4136 viam
824 4090 891 4133 non
913 4066 1012 4134 debet
1035 4067 1142 4134 adhue
1164 4068 1303 4155 proprie,
1327 4073 1363 4134 et

307 4175 474 4263 primast
496 4173 720 4263 principaliter
743 4172 809 4239 diei
824 4171 912 4258 quod
935 4172 979 4237 sit
1001 4170 1124 4256 ubique
1147 4192 1206 4258 per
1220 4170 1361 4237 affirma-

306 4278 442 4360 tionem,
481 4282 516 4344 et
560 4277 621 4344 hoe
658 4276 822 4364 praecipue
859 4279 899 4341 ut
936 4273 1172 4342 dissimilitudo
1210 4274 1281 4362 ejus
1319 4275 1359 4342 sd

306 4379 516 4467 majestatem
533 4380 597 4447 Dei
612 4384 754 4446 notetur.
795 4405 801 4417 ¹
836 4458 837 4461 Ἴ

610 4723 616 4753 ¹
627 4721 706 4788 terra]
726 4729 807 4784 terras,
825 4722 864 4784 Β.,
874 4721 923 4772 and
935 4736 963 4772 so
975 4719 1061 4772 below:
