3586 5640
450 766 516 833 830
830 776 958 827 noonnr
982 777 1127 826 moeurs

449 957 486 1018 st
522 952 669 1039 proprias
708 951 882 1038 theologias
914 952 1090 1038 disputare,
1126 973 1187 1017 nco
1219 949 1399 1030 audiretur,
1437 950 1504 1017 nisi

450 1059 535 1122 oeset
565 1054 662 1119 homo
693 1075 821 1141 magnas
851 1054 1066 1134 auctoritatis,
1098 1057 1158 1117 aut
1188 1056 1305 1138 potens
1339 1053 1375 1116 in
1398 1073 1503 1138 quess-

448 1156 598 1222 tionibus
620 1158 767 1243 propriis,
799 1161 833 1221 et
864 1156 1011 1233 utilibus,
1035 1159 1070 1220 st
1091 1154 1288 1220 necessariis.
1345 1154 1392 1218 Et
1428 1154 1504 1219 ideo

450 1258 509 1344 qui
530 1259 646 1343 legunt
669 1263 802 1323 textum
827 1279 895 1322 non
918 1261 1090 1343 exponunt
1112 1279 1194 1335 eum,
1219 1256 1297 1343 quia
1324 1277 1392 1320 nou
1414 1277 1501 1341 quar·

450 1365 530 1425 runt
569 1360 748 1446 quaestions
779 1359 927 1446 proprias
956 1355 996 1425 ¹et
1029 1358 1225 1424 necessarias
1256 1357 1367 1423 textui
1403 1356 1503 1421 intel·

450 1461 590 1548 ligendo.
648 1459 733 1525 Cum
777 1465 891 1527 tamon
933 1480 1046 1526 omnes
1088 1458 1288 1545 quaestiones
1324 1457 1422 1523 utiles
1466 1457 1504 1523 in

450 1563 603 1629 omnibus
626 1561 771 1628 Summis
796 1567 830 1628 et
857 1561 1049 1642 Sententiis,
1075 1566 1110 1626 et
1141 1582 1215 1645 quse
1247 1563 1328 1625 sunt
1361 1559 1502 1646 proprias

450 1664 633 1750 theologias,
671 1664 799 1750 possint
845 1663 1017 1729 certificari
1048 1684 1146 1749 super
1190 1667 1349 1742 textnm3
1385 1664 1424 1727 ut
1462 1661 1503 1727 do

450 1765 604 1852 operibus
625 1787 684 1831 sex
706 1766 842 1845 diarum,
869 1765 905 1829 in
927 1765 1088 1851 principio
1120 1763 1256 1831 Genesis
1266 1787 1276 1844 ;
1302 1764 1343 1828 de
1365 1763 1501 1828 circum-

451 1867 582 1944 oisione,
614 1873 649 1933 st
682 1867 917 1953 comparitione
947 1867 1148 1954 angolorum,
1178 1865 1216 1930 in
1247 1864 1361 1931 eodem
1392 1864 1500 1946 libro;

446 1968 492 2035 de
514 1969 641 2056 legibus
665 1969 702 2033 in
731 1969 826 2035 libris
849 1969 959 2054 Moysi
971 1993 980 2050 3
1014 1969 1056 2034 de
1088 1966 1233 2036 moribus
1262 1965 1419 2032 inlibris
1442 1964 1502 2031 Sa-

450 2071 610 2152 lamonis;
647 2073 689 2137 ds
726 2072 938 2138 sacramentis
976 2071 1012 2137 in
1053 2070 1151 2137 Novo
1186 2070 1398 2137 Testamanto
1410 2091 1418 2150 3
1461 2067 1503 2133 de

451 2174 603 2242 omnibus
633 2173 685 2241 his
726 2174 762 2239 in
802 2173 895 2239 libris
926 2173 1063 2259 Regum,
1098 2177 1133 2237 et
1164 2171 1430 2257 Paralipomenis,
1466 2176 1502 2236 et

451 2273 633 2361 Prophetis,
661 2280 696 2340 et
726 2274 821 2356 aliis3
858 2276 908 2340 ita
940 2274 1029 2360 quod
1062 2278 1197 2360 possent
1225 2273 1398 2338 certificari
1433 2272 1502 2338 suis

451 2375 538 2454 locis,
571 2381 610 2440 ut
641 2375 768 2443 dulcius
790 2398 833 2441 ex
854 2377 926 2462 ipso
955 2375 1048 2441 fonte
1079 2374 1270 2441 biberentur
1300 2395 1402 2459 aquas.
1456 2373 1503 2439 Et

450 2476 539 2542 idem
561 2477 601 2540 fit
623 2478 659 2541 in
686 2477 776 2542 omni
805 2476 971 2543 facrrltate.
1017 2477 1084 2543 Sed
1108 2476 1214 2563 [quia]
1238 2498 1305 2543 non
1327 2477 1374 2541 sic
1403 2475 1444 2541 fir
1464 2475 1501 2540 in

451 2577 626 2664 theologia,
659 2578 778 2643 accidit
810 2577 980 2645 infinitum
1012 2579 1287 2666 impedimentum
1318 2576 1430 2658 studii,
1463 2583 1502 2645 ut

451 2681 545 2765 patet
567 2678 760 2765 diligentius
782 2679 1010 2747 consideranti.

287 3073 432 3154 surano
499 3077 669 3161 anruu
700 3082 872 3167 peccatum
905 3083 956 3144 est
994 3079 1101 3164 majus
1137 3077 1290 3145 omnibus
1324 3077 1500 3164 praedictis.

284 3157 408 3258 inoffi,
454 3179 543 3248 Nam
580 3185 693 3249 textus
727 3186 777 3247 est
814 3201 874 3267 pro
907 3179 1026 3266 majori
1059 3185 1155 3266 parte
1190 3185 1362 3266 corruptus
1398 3179 1503 3244 horri-

284 3274 408 3390 teffiln
417 3280 565 3390 tebilitsr
594 3282 631 3346 in
662 3283 839 3368 exemplari
866 3282 1020 3368 vulgato,
1052 3281 1113 3347 hoo
1145 3288 1195 3346 est
1229 3280 1410 3348 Parisiensi
1457 3280 1502 3345 Et

285 3356 417 3458 version,ga
453 3381 511 3448 ubi
533 3404 600 3447 nou
621 3383 722 3449 habet
737 3382 987 3471 corruptionem,
1002 3382 1103 3449 habet
1126 3388 1238 3450 tamen
1261 3383 1502 3449 dubitationem

452 3488 590 3565 tantam,
630 3505 704 3570 quae
734 3485 853 3550 merito
890 3485 991 3551 habet
1022 3485 1134 3550 cadere
1164 3487 1200 3550 in
1223 3507 1352 3551 omnem
1375 3486 1502 3570 sapien·

452 3585 542 3665 tiam,
586 3584 672 3653 sicut
721 3587 822 3652 timor
867 3587 1098 3673 approbandus
1144 3593 1195 3653 est
1232 3587 1289 3672 qui
1334 3586 1423 3652 cadit
1467 3585 1504 3649 in

452 3692 658 3757 constantem
694 3688 811 3755 virum
870 3688 915 3753 Et
953 3687 1022 3756 haec
1067 3688 1232 3755 dubitatio
1270 3689 1418 3753 nascitur
1461 3709 1504 3752 ex

339 3836 341 3840 -
452 3791 663 3859 contentione
698 3795 924 3867 correctorum,
956 3790 1014 3877 qui
1045 3795 1127 3876 quot
1165 3795 1243 3857 sunt
1275 3791 1410 3855 lectores
1447 3810 1505 3876 per

452 3893 622 3972 mundum,
650 3897 703 3958 tot
725 3899 804 3958 sunt
834 3897 1037 3970 correctores,
1071 3913 1129 3962 scu
1151 3894 1256 3979 magis
1278 3896 1501 3977 corruptores:

453 3995 532 4082 quia
572 3994 714 4079 quilibet
750 3995 921 4080 praesumit
958 3998 1087 4061 mutare
1124 3994 1212 4080 quod
1243 3994 1383 4080 ignorat,
1415 3991 1504 4078 quod

453 4117 520 4162 non
553 4097 631 4160 licet
661 4096 766 4160 facere
806 4095 843 4180 in
880 4095 973 4159 libris
1004 4100 1185 4181 poetarum
1243 4094 1333 4159 Nam
1366 4095 1504 4179 antiqua

452 4197 613 4264 vocabula
642 4202 677 4262 st
706 4219 871 4263 sermones
902 4197 1038 4283 figurati
1064 4218 1132 4262 nou
1165 4201 1340 4263 mutantur
1362 4218 1437 4263 cum
1459 4196 1505 4261 le·

452 4302 578 4386 grmtur
599 4303 715 4384 posta,
739 4320 808 4364 non
830 4298 907 4364 libri
937 4299 1076 4365 abarum
1113 4300 1317 4367 facultatum.
1366 4297 1432 4365 Sed
1453 4297 1506 4361 hic

453 4400 594 4486 quilibet
631 4400 733 4465 lector
769 4405 880 4467 mutat
919 4402 1096 4466 secundum
1134 4407 1234 4488 caput
1275 4423 1378 4479 suum,
1420 4399 1506 4466 sicut

454 4505 549 4588 patet
572 4521 630 4584 per
653 4522 786 4585 eaquae
809 4503 922 4588 scripsi
945 4503 981 4567 in
1004 4525 1099 4589 opero
1122 4505 1211 4589 quod
1234 4504 1341 4567 mitto.

500 4602 534 4673 N
536 4623 599 4671 uno
625 4603 701 4671 volo
733 4605 919 4695 exemplum
955 4606 1098 4691 proferre
1130 4629 1191 4694 pro
1217 4607 1323 4686 ¹bonis
1358 4607 1508 4692 magnifi-
