3586 5640
305 781 367 870 m]
649 754 881 847 comsunruu
904 795 1030 848 monn
1123 839 1127 855 ,
1290 780 1356 847 419

303 978 459 1042 vacantes
490 973 602 1041 studio
625 971 800 1058 theologiae
832 979 867 1039 et
889 971 1102 1059 philosophia
1133 991 1202 1043 non
1231 972 1357 1039 hebent

304 1078 392 1146 unde
429 1076 555 1155 vivant,
594 1096 656 1142 nec
701 1074 790 1140 unde
827 1074 929 1140 libros
973 1079 1134 1161 quaerant,
1172 1096 1232 1142 nec
1269 1075 1357 1143 unde

304 1202 422 1246 arcana
443 1179 614 1266 sapientiae
636 1178 799 1244 rimentur
813 1181 849 1243 et
871 1176 1090 1265 experiantur.
1137 1176 1208 1243 Nec
1225 1177 1356 1264 juristae
1368 1193 1514 1260 nigrans

305 1285 388 1350 sacri
419 1283 552 1349 canonis
585 1282 710 1351 habent
742 1282 831 1347 unde
860 1280 979 1348 vivant
1010 1302 1071 1346 nec
1093 1282 1259 1359 studeant,
1291 1261 1525 1379 nisiffiffit·

305 1388 385 1471 quia
406 1387 511 1474 primo
533 1384 659 1452 habent
688 1384 892 1451 intellectum
918 1383 1003 1471 juris
1025 1384 1139 1450 civilis.
1185 1384 1286 1451 Unde
1315 1386 1488 1474 deniqne

304 1489 370 1557 illia
401 1509 461 1553 nec
493 1493 673 1566 curaretur,
697 1487 782 1554 sicut
816 1508 876 1553 nec
908 1487 950 1554 de
981 1486 1289 1574 philosophantibus
1323 1464 1472 1554 etam·

305 1590 474 1677 theologis,
506 1590 569 1656 nisi
604 1590 683 1677 qnia
703 1611 824 1657 nomen
855 1589 980 1656 habent
1010 1589 1048 1656 in
1077 1589 1153 1675 jure
1187 1590 1299 1670 civili;
1322 1594 1358 1657 et

305 1692 376 1778 ejus
408 1691 621 1758 abusionibus
652 1713 759 1758 sacros
793 1713 932 1758 canones
962 1690 1181 1759 foedaverunt.
1227 1692 1356 1760 Deinde

306 1796 449 1882 optimus
472 1795 618 1881 quisque,
642 1801 677 1861 et
707 1795 844 1862 idoneus
867 1793 910 1859 ed
940 1795 1139 1882 theologiam
1160 1800 1194 1861 et
1216 1795 1358 1883 philoso-

305 1900 426 1986 phiam,
454 1898 640 1966 transvolat
663 1898 706 1964 ad
734 1897 813 1984 jura
842 1896 962 1977 civilia,
993 1898 1072 1984 quia
1096 1899 1189 1964 videt
1221 1899 1358 1983 juristae

305 2003 380 2068 illos
403 2002 504 2068 ditari
536 2007 570 2066 et
592 2000 747 2066 honorari
779 2000 821 2066 ab
845 2001 997 2067 omnibus
1028 2001 1174 2087 praelatis
1204 2007 1239 2067 et
1268 2003 1358 2088 prin·

306 2106 441 2192 cipibus,
469 2105 520 2171 ita
551 2104 639 2190 quod
670 2104 766 2190 pauci
789 2108 938 2190 respectu
960 2124 1081 2182 eorum,
1104 2105 1162 2191 qui
1184 2105 1358 2170 necessarii

306 2213 421 2286 essent,
446 2208 482 2273 in
497 2206 705 2294 philosophia
719 2211 754 2272 et
776 2205 943 2292 theologia
964 2214 1137 2273 remanent
1151 2229 1210 2294 pro
1225 2207 1358 2273 illorum

306 2310 426 2389 studio,
450 2310 529 2396 quia
561 2308 679 2395 cupida
708 2307 847 2400 facultas
872 2307 959 2394 juris
988 2307 1095 2378 civilis
1117 2309 1222 2376 trahit
1244 2310 1358 2377 multi·

306 2412 455 2478 tudinem
478 2413 674 2479 clericorum

351 2515 430 2581 Non
471 2515 576 2582 solum
609 2514 665 2601 jus
695 2512 800 2583 civile
837 2511 992 2579 Italicum
1030 2513 1173 2582 destruit
1209 2515 1358 2583 studium
1371 2531 1489 2586 mede·

307 2617 484 2704 sapientiae,
518 2618 596 2703 quia
627 2616 735 2682 aufert
769 2638 927 2703 expensas
958 2617 1164 2684 studentium
1194 2625 1230 2685 et
1259 2620 1359 2686 utiles
1370 2599 1528 2735 &effigi

306 2742 460 2806 personas
497 2725 671 2799 removet3
717 2718 773 2784 sed
811 2719 890 2805 quia
928 2720 1062 2786 omnino
1100 2742 1160 2786 sua
1197 2721 1358 2788 affinitate
1371 2735 1528 2786 enodemus

305 2823 412 2888 laicali
435 2823 558 2889 olerum
581 2820 754 2888 confundit
776 2820 920 2908 indigne,
938 2844 1013 2886 cum
1035 2844 1104 2887 non
1135 2824 1179 2888 sit
1211 2825 1358 2890 clericale
1371 2801 1527 2932 {ffi'o‘ff'

307 2925 448 2992 officium
494 2925 577 2990 talia
616 2925 696 3010 jura
741 2945 890 2990 exercere
935 2924 994 2989 sed
1050 2925 1183 3010 penitus
1228 2927 1355 2993 laicale.
1372 2935 1504 2985 anduen-

307 3028 404 3109 Quod
435 3032 486 3094 est
519 3027 730 3093 manifestum
764 3026 792 3090 si
826 3026 1065 3091 consideremus
1097 3028 1185 3113 quod
1216 3028 1277 3095 hoc
1303 3014 1529 3136 jusffifflnssy

307 3138 342 3197 et
379 3155 399 3195 a
436 3131 527 3196 laicis
565 3128 768 3216 principibus
805 3132 970 3193 statutum
1013 3134 1072 3210 est,
1110 3135 1144 3196 et
1182 3153 1240 3217 pro
1278 3132 1360 3199 laico
1373 3131 1400 3184 ia

309 3233 431 3319 populo
459 3232 638 3317 dirigendo.
684 3232 795 3316 Atque
827 3229 954 3295 domini
988 3229 1098 3319 legum
1136 3232 1294 3302 Bononiae
1328 3241 1363 3302 et

307 3355 365 3420 per
387 3338 493 3399 totam
525 3333 659 3398 Italiam
686 3334 805 3400 volunt
834 3334 945 3399 vocari
978 3336 1129 3422 magistri
1160 3338 1214 3403 vel
1245 3337 1361 3418 clerici,

308 3457 367 3502 neo
401 3457 553 3501 coronam
577 3436 662 3502 sicut
696 3435 803 3501 clerici
833 3435 969 3503 habent.
1017 3437 1148 3505 Uxores
1178 3439 1303 3507 ducunt
1327 3448 1361 3509 et

308 3539 441 3605 omnino
475 3539 559 3604 sicut
593 3538 669 3604 laici
706 3539 867 3605 familiam
902 3545 1030 3627 regunt,
1055 3548 1089 3607 et
1126 3545 1289 3609 consortio
1327 3549 1363 3610 et

308 3640 599 3708 consuetudinibus
637 3641 806 3708 laicalibus
843 3647 922 3708 sunt
960 3643 1107 3730 subjecti.
1154 3644 1363 3732 Quapropter

308 3744 520 3810 manifestum
558 3749 609 3809 est
654 3745 743 3830 quod
780 3746 824 3812 ab
862 3744 967 3811 officio
1005 3752 1040 3811 et
1085 3751 1178 3812 statu
1223 3747 1363 3814 clericali

308 3848 453 3935 separati
486 3851 587 3928 sunt3
627 3851 662 3913 et
693 3849 767 3914 ideo
800 3870 835 3914 se
869 3849 1039 3917 convincit
1060 3849 1133 3915 fieri
1155 3850 1276 3918 laicum
1304 3852 1362 3939 qui

307 3952 430 4018 talibus
452 3949 655 4016 nuditatibus
677 3971 712 4015 se
741 3951 889 4017 inclinat.

353 4055 517 4121 Praeterea
539 4075 635 4119 omne
665 4076 805 4141 regnum
826 4055 927 4120 habet
950 4075 1011 4120 sua
1037 4053 1116 4141 jura
1140 4055 1261 4143 quibus
1287 4058 1363 4123 laici

307 4162 492 4245 regnuntur
504 4182 512 4238 ;
557 4161 597 4223 ut
626 4157 704 4244 jura
737 4156 871 4244 Angliae
905 4162 940 4223 et
971 4157 1000 4222 1⁴¹
1000 4158 1141 4239 ranciae;
1187 4163 1223 4224 et
1251 4160 1301 4225 ita
1322 4161 1362 4226 fit

304 4260 439 4346 justitia
469 4260 507 4325 in
536 4259 610 4325 aliis
659 4259 770 4347 regnis
801 4281 859 4347 per
891 4260 1144 4326 constitutiones
1186 4281 1269 4348 quas
1305 4261 1363 4326 ha

308 4363 398 4441 berit,
421 4364 508 4428 sicut
538 4363 575 4427 in
608 4363 709 4429 Italia
730 4385 790 4450 per
820 4385 903 4429 suas.
950 4361 1158 4450 Quapropter
1180 4386 1254 4430 cum
1284 4365 1364 4450 jura

309 4464 440 4551 Anghae
472 4487 540 4530 non
563 4473 752 4551 competant
790 4466 893 4532 statui
925 4465 1124 4547 clericorum,
1158 4488 1218 4531 nec
1256 4467 1362 4532 Fran-

309 4566 378 4646 ciae,
426 4589 486 4632 nec
530 4567 711 4654 Hispaniae,
750 4590 810 4634 nec
855 4569 1069 4650 Alamanniae,
1108 4570 1260 4636 similiter
1303 4594 1364 4638 nec

304 4669 383 4758 jura
414 4669 524 4735 Italiae
554 4670 758 4737 conveniunt
790 4670 858 4737 ullo
889 4672 993 4738 modo.
1040 4672 1128 4754 Quia
1160 4672 1188 4736 si
1221 4671 1364 4740 debeant

1131 4789 1229 4853 not
