<?xml version="1.0" encoding="UTF-8"?>
<!DOCTYPE html PUBLIC "-//W3C//DTD XHTML 1.0 Transitional//EN"
    "http://www.w3.org/TR/xhtml1/DTD/xhtml1-transitional.dtd">
<html xmlns="http://www.w3.org/1999/xhtml" xml:lang="en" lang="en">
 <head>
  <title>
</title>
<meta http-equiv="Content-Type" content="text/html;charset=utf-8" />
  <meta name='ocr-system' content='tesseract 3.04.00' />
  <meta name='ocr-capabilities' content='ocr_page ocr_carea ocr_par ocr_line ocrx_word'/>
</head>
<body>
  <div class='ocr_page' id='page_1' title='image "./operaqudamhacte00bacogoog_0561.png"; bbox 0 0 3586 5640; ppageno 0'>
   <div class='ocr_carea' id='block_1_1' title="bbox 308 800 1363 890">
    <p class='ocr_par' dir='ltr' id='par_1_1' title="bbox 308 800 1363 890">
     <span class='ocr_line' id='line_1_1' title="bbox 308 800 1363 890; baseline 0 -24"><span class='ocrx_word' id='word_1_1' title='bbox 308 800 385 890; x_wconf 80' lang='lat' dir='ltr'><strong>vm]</strong></span> <span class='ocrx_word' id='word_1_2' title='bbox 637 816 869 866; x_wconf 80' lang='lat' dir='ltr'><strong>conrnunmn</strong></span> <span class='ocrx_word' id='word_1_3' title='bbox 890 816 1017 867; x_wconf 81' lang='lat' dir='ltr'><strong>ernon.</strong></span> <span class='ocrx_word' id='word_1_4' title='bbox 1296 800 1363 873; x_wconf 73' lang='lat'><strong>447</strong></span> 
     </span>
    </p>
   </div>
   <div class='ocr_carea' id='block_1_2' title="bbox 306 991 1367 1692">
    <p class='ocr_par' dir='ltr' id='par_1_2' title="bbox 306 991 1367 1692">
     <span class='ocr_line' id='line_1_2' title="bbox 308 991 1364 1079; baseline 0 -20"><span class='ocrx_word' id='word_1_5' title='bbox 308 994 388 1075; x_wconf 90' lang='lat' dir='ltr'><strong>tina,</strong></span> <span class='ocrx_word' id='word_1_6' title='bbox 427 994 482 1061; x_wconf 89' lang='lat' dir='ltr'><strong>vel</strong></span> <span class='ocrx_word' id='word_1_7' title='bbox 521 993 643 1073; x_wconf 86' lang='lat' dir='ltr'><strong>Graeca,</strong></span> <span class='ocrx_word' id='word_1_8' title='bbox 679 993 731 1058; x_wconf 89' lang='lat' dir='ltr'><strong>vel</strong></span> <span class='ocrx_word' id='word_1_9' title='bbox 770 991 921 1069; x_wconf 84' lang='lat' dir='ltr'><strong>Hebraea,</strong></span> <span class='ocrx_word' id='word_1_10' title='bbox 962 997 995 1058; x_wconf 87' lang='lat' dir='ltr'><strong>et</strong></span> <span class='ocrx_word' id='word_1_11' title='bbox 1029 1015 1047 1059; x_wconf 89' lang='lat' dir='ltr'><strong>e</strong></span> <span class='ocrx_word' id='word_1_12' title='bbox 1085 1013 1248 1071; x_wconf 88' lang='lat' dir='ltr'><strong>converso,</strong></span> <span class='ocrx_word' id='word_1_13' title='bbox 1290 1015 1364 1079; x_wconf 84' lang='lat' dir='ltr'><strong>quae</strong></span> 
     </span>
     <span class='ocr_line' id='line_1_3' title="bbox 307 1093 1364 1181; baseline 0 -20"><span class='ocrx_word' id='word_1_14' title='bbox 307 1119 374 1161; x_wconf 92' lang='lat' dir='ltr'><strong>non</strong></span> <span class='ocrx_word' id='word_1_15' title='bbox 397 1102 495 1177; x_wconf 88' lang='lat' dir='ltr'><strong>sunt;</strong></span> <span class='ocrx_word' id='word_1_16' title='bbox 541 1096 690 1174; x_wconf 78' lang='lat' dir='ltr'>secunde,</span> <span class='ocrx_word' id='word_1_17' title='bbox 715 1096 793 1181; x_wconf 91' lang='lat' dir='ltr'><strong>quia</strong></span> <span class='ocrx_word' id='word_1_18' title='bbox 815 1095 1036 1159; x_wconf 79' lang='lat' dir='ltr'><strong>derivationes</strong></span> <span class='ocrx_word' id='word_1_19' title='bbox 1067 1093 1165 1159; x_wconf 82' lang='lat' dir='ltr'><strong>falsas</strong></span> <span class='ocrx_word' id='word_1_20' title='bbox 1193 1100 1229 1160; x_wconf 90' lang='lat' dir='ltr'><strong>et</strong></span> <span class='ocrx_word' id='word_1_21' title='bbox 1262 1097 1364 1161; x_wconf 90' lang='lat' dir='ltr'><strong>inter·</strong></span> 
     </span>
     <span class='ocr_line' id='line_1_4' title="bbox 308 1197 1365 1285; baseline -0.002 -21"><span class='ocrx_word' id='word_1_22' title='bbox 308 1200 508 1285; x_wconf 78' lang='lat' dir='ltr'><strong>prolationes</strong></span> <span class='ocrx_word' id='word_1_23' title='bbox 541 1199 621 1264; x_wconf 88' lang='lat' dir='ltr'><strong>facit</strong></span> <span class='ocrx_word' id='word_1_24' title='bbox 655 1203 690 1263; x_wconf 88' lang='lat' dir='ltr'><strong>et</strong></span> <span class='ocrx_word' id='word_1_25' title='bbox 725 1197 943 1282; x_wconf 67' lang='lat' dir='ltr'><strong>etymologias</strong></span> <span class='ocrx_word' id='word_1_26' title='bbox 970 1198 1007 1261; x_wconf 89' lang='lat' dir='ltr'><strong>in</strong></span> <span class='ocrx_word' id='word_1_27' title='bbox 1038 1197 1110 1276; x_wconf 87' lang='lat' dir='ltr'><strong>his;</strong></span> <span class='ocrx_word' id='word_1_28' title='bbox 1154 1197 1261 1273; x_wconf 84' lang='lat' dir='ltr'><strong>tertie,</strong></span> <span class='ocrx_word' id='word_1_29' title='bbox 1286 1199 1365 1283; x_wconf 90' lang='lat' dir='ltr'><strong>quia</strong></span> 
     </span>
     <span class='ocr_line' id='line_1_5' title="bbox 306 1298 1365 1386; baseline -0.002 -20"><span class='ocrx_word' id='word_1_30' title='bbox 306 1301 389 1366; x_wconf 85' lang='lat' dir='ltr'><strong>falsa</strong></span> <span class='ocrx_word' id='word_1_31' title='bbox 422 1301 618 1386; x_wconf 73' lang='lat' dir='ltr'><strong>pronuntiat</strong></span> <span class='ocrx_word' id='word_1_32' title='bbox 640 1304 675 1366; x_wconf 85' lang='lat' dir='ltr'><strong>et</strong></span> <span class='ocrx_word' id='word_1_33' title='bbox 706 1299 828 1376; x_wconf 82' lang='lat' dir='ltr'><strong>scribit,</strong></span> <span class='ocrx_word' id='word_1_34' title='bbox 862 1304 896 1364; x_wconf 86' lang='lat' dir='ltr'><strong>et</strong></span> <span class='ocrx_word' id='word_1_35' title='bbox 929 1300 1091 1386; x_wconf 86' lang='lat' dir='ltr'><strong>praecipue</strong></span> <span class='ocrx_word' id='word_1_36' title='bbox 1114 1298 1164 1362; x_wconf 92' lang='lat' dir='ltr'><strong>illi</strong></span> <span class='ocrx_word' id='word_1_37' title='bbox 1187 1298 1244 1384; x_wconf 93' lang='lat' dir='ltr'><strong>qui</strong></span> <span class='ocrx_word' id='word_1_38' title='bbox 1266 1300 1365 1385; x_wconf 92' lang='lat' dir='ltr'><strong>primi</strong></span> 
     </span>
     <span class='ocr_line' id='line_1_6' title="bbox 307 1400 1364 1487; baseline -0.001 -20"><span class='ocrx_word' id='word_1_39' title='bbox 307 1409 386 1469; x_wconf 85' lang='lat' dir='ltr'><strong>sunt</strong></span> <span class='ocrx_word' id='word_1_40' title='bbox 424 1404 460 1466; x_wconf 91' lang='lat' dir='ltr'><strong>iu</strong></span> <span class='ocrx_word' id='word_1_41' title='bbox 498 1400 760 1487; x_wconf 80' lang='lat' dir='ltr'><strong>expositionibus</strong></span> <span class='ocrx_word' id='word_1_42' title='bbox 797 1400 1031 1465; x_wconf 80' lang='lat' dir='ltr'><strong>voeabulomm</strong></span> <span class='ocrx_word' id='word_1_43' title='bbox 1062 1400 1186 1486; x_wconf 85' lang='lat' dir='ltr'><strong>linguae</strong></span> <span class='ocrx_word' id='word_1_44' title='bbox 1225 1401 1364 1478; x_wconf 78' lang='lat' dir='ltr'><strong>Latium,</strong></span> 
     </span>
     <span class='ocr_line' id='line_1_7' title="bbox 307 1501 1365 1589; baseline 0 -21"><span class='ocrx_word' id='word_1_45' title='bbox 307 1510 346 1569; x_wconf 88' lang='lat' dir='ltr'><strong>nt</strong></span> <span class='ocrx_word' id='word_1_46' title='bbox 388 1510 467 1570; x_wconf 84' lang='lat' dir='ltr'><strong>sunt</strong></span> <span class='ocrx_word' id='word_1_47' title='bbox 513 1503 640 1589; x_wconf 85' lang='lat' dir='ltr'><strong>Papias,</strong></span> <span class='ocrx_word' id='word_1_48' title='bbox 679 1507 713 1567; x_wconf 90' lang='lat' dir='ltr'><strong>et</strong></span> <span class='ocrx_word' id='word_1_49' title='bbox 757 1502 919 1588; x_wconf 86' lang='lat' dir='ltr'><strong>Hugutio,</strong></span> <span class='ocrx_word' id='word_1_50' title='bbox 958 1507 993 1566; x_wconf 92' lang='lat' dir='ltr'><strong>et</strong></span> <span class='ocrx_word' id='word_1_51' title='bbox 1038 1502 1141 1579; x_wconf 87' lang='lat' dir='ltr'><strong>Brito,</strong></span> <span class='ocrx_word' id='word_1_52' title='bbox 1185 1501 1365 1581; x_wconf 85' lang='lat' dir='ltr'><strong>mendaces,</strong></span> 
     </span>
     <span class='ocr_line' id='line_1_8' title="bbox 307 1604 1367 1692; baseline 0.001 -22"><span class='ocrx_word' id='word_1_53' title='bbox 307 1628 448 1692; x_wconf 90' lang='lat' dir='ltr'><strong>quorum</strong></span> <span class='ocrx_word' id='word_1_54' title='bbox 481 1604 660 1670; x_wconf 86' lang='lat' dir='ltr'><strong>mendaciis</strong></span> <span class='ocrx_word' id='word_1_55' title='bbox 682 1605 801 1691; x_wconf 81' lang='lat' dir='ltr'><strong>vulgus</strong></span> <span class='ocrx_word' id='word_1_56' title='bbox 823 1604 1021 1690; x_wconf 87' lang='lat' dir='ltr'><strong>opprimitur</strong></span> <span class='ocrx_word' id='word_1_57' title='bbox 1044 1604 1245 1668; x_wconf 83' lang='lat' dir='ltr'><strong>Latinorum.</strong></span> <span class='ocrx_word' id='word_1_58' title='bbox 1292 1606 1367 1671; x_wconf 89' lang='lat' dir='ltr'><strong>Hu-</strong></span> 
     </span>
    </p>
   </div>
   <div class='ocr_carea' id='block_1_3' title="bbox 179 1702 1365 1795">
    <p class='ocr_par' dir='ltr' id='par_1_3' title="bbox 179 1702 1365 1795">
     <span class='ocr_line' id='line_1_9' title="bbox 179 1702 1365 1795; baseline -0.001 -22"><span class='ocrx_word' id='word_1_59' title='bbox 179 1702 181 1706; x_wconf 66' lang='grc'><strong>’</strong></span> <span class='ocrx_word' id='word_1_60' title='bbox 306 1710 401 1795; x_wconf 89' lang='lat' dir='ltr'><strong>gutio</strong></span> <span class='ocrx_word' id='word_1_61' title='bbox 444 1709 481 1772; x_wconf 92' lang='lat' dir='ltr'><strong>in</strong></span> <span class='ocrx_word' id='word_1_62' title='bbox 518 1708 633 1794; x_wconf 90' lang='lat' dir='ltr'><strong>primis</strong></span> <span class='ocrx_word' id='word_1_63' title='bbox 679 1706 931 1792; x_wconf 86' lang='lat' dir='ltr'><strong>reprehenditur</strong></span> <span class='ocrx_word' id='word_1_64' title='bbox 970 1706 1011 1771; x_wconf 91' lang='lat' dir='ltr'><strong>de</strong></span> <span class='ocrx_word' id='word_1_65' title='bbox 1042 1728 1163 1792; x_wconf 84' lang='lat' dir='ltr'><strong>magno</strong></span> <span class='ocrx_word' id='word_1_66' title='bbox 1196 1707 1365 1773; x_wconf 87' lang='lat' dir='ltr'><strong>mendacio</strong></span> 
     </span>
    </p>
   </div>
   <div class='ocr_carea' id='block_1_4' title="bbox 305 1806 1404 4452">
    <p class='ocr_par' dir='ltr' id='par_1_4' title="bbox 305 1806 1404 4452">
     <span class='ocr_line' id='line_1_10' title="bbox 306 1806 1365 1896; baseline -0.005 -19"><span class='ocrx_word' id='word_1_67' title='bbox 306 1813 391 1877; x_wconf 85' lang='lat' dir='ltr'><strong>circa</strong></span> <span class='ocrx_word' id='word_1_68' title='bbox 444 1810 642 1896; x_wconf 90' lang='lat' dir='ltr'><strong>principium</strong></span> <span class='ocrx_word' id='word_1_69' title='bbox 698 1809 829 1892; x_wconf 80' lang='lat' dir='ltr'><strong>decreti,</strong></span> <span class='ocrx_word' id='word_1_70' title='bbox 877 1808 935 1872; x_wconf 88' lang='lat' dir='ltr'><strong>ubi</strong></span> <span class='ocrx_word' id='word_1_71' title='bbox 991 1806 1072 1874; x_wconf 90' lang='lat' dir='ltr'><strong>dicit</strong></span> <span class='ocrx_word' id='word_1_72' title='bbox 1112 1809 1148 1872; x_wconf 90' lang='lat' dir='ltr'><strong>in</strong></span> <span class='ocrx_word' id='word_1_73' title='bbox 1194 1814 1365 1894; x_wconf 89' lang='lat' dir='ltr'><strong>apparatu,</strong></span> 
     </span>
     <span class='ocr_line' id='line_1_11' title="bbox 307 1909 1363 1998; baseline 0 -22"><span class='ocrx_word' id='word_1_74' title='bbox 307 1913 395 1998; x_wconf 93' lang='lat' dir='ltr'><strong>quod</strong></span> <span class='ocrx_word' id='word_1_75' title='bbox 434 1911 634 1998; x_wconf 83' lang='lat' dir='ltr'><strong>exemplaria</strong></span> <span class='ocrx_word' id='word_1_76' title='bbox 669 1911 791 1974; x_wconf 89' lang='lat' dir='ltr'><strong>Latina</strong></span> <span class='ocrx_word' id='word_1_77' title='bbox 822 1909 961 1974; x_wconf 88' lang='lat' dir='ltr'><strong>certiora</strong></span> <span class='ocrx_word' id='word_1_78' title='bbox 998 1915 1077 1974; x_wconf 90' lang='lat' dir='ltr'><strong>sunt</strong></span> <span class='ocrx_word' id='word_1_79' title='bbox 1108 1932 1209 1995; x_wconf 91' lang='lat' dir='ltr'><strong>quam</strong></span> <span class='ocrx_word' id='word_1_80' title='bbox 1241 1911 1363 1988; x_wconf 79' lang='lat' dir='ltr'><strong>Graeca,</strong></span> 
     </span>
     <span class='ocr_line' id='line_1_12' title="bbox 306 2011 1366 2098; baseline -0.001 -19"><span class='ocrx_word' id='word_1_81' title='bbox 306 2021 341 2080; x_wconf 90' lang='lat' dir='ltr'><strong>et</strong></span> <span class='ocrx_word' id='word_1_82' title='bbox 375 2015 491 2081; x_wconf 71' lang='lat' dir='ltr'><strong>Graeca</strong></span> <span class='ocrx_word' id='word_1_83' title='bbox 521 2035 621 2098; x_wconf 86' lang='lat' dir='ltr'><strong>quam</strong></span> <span class='ocrx_word' id='word_1_84' title='bbox 655 2011 808 2089; x_wconf 85' lang='lat' dir='ltr'><strong>Hebrrea,</strong></span> <span class='ocrx_word' id='word_1_85' title='bbox 832 2011 970 2096; x_wconf 87' lang='lat' dir='ltr'><strong>loquens</strong></span> <span class='ocrx_word' id='word_1_86' title='bbox 1002 2013 1043 2077; x_wconf 92' lang='lat' dir='ltr'><strong>de</strong></span> <span class='ocrx_word' id='word_1_87' title='bbox 1074 2011 1140 2076; x_wconf 92' lang='lat' dir='ltr'><strong>illis</strong></span> <span class='ocrx_word' id='word_1_88' title='bbox 1162 2034 1236 2098; x_wconf 81' lang='lat' dir='ltr'><strong>quae</strong></span> <span class='ocrx_word' id='word_1_89' title='bbox 1258 2019 1366 2079; x_wconf 86' lang='lat' dir='ltr'><strong>trans-</strong></span> 
     </span>
     <span class='ocr_line' id='line_1_13' title="bbox 307 2112 1366 2191; baseline 0.002 -11"><span class='ocrx_word' id='word_1_90' title='bbox 307 2117 472 2181; x_wconf 79' lang='lat' dir='ltr'><strong>istasunt</strong></span> <span class='ocrx_word' id='word_1_91' title='bbox 502 2115 545 2179; x_wconf 89' lang='lat' dir='ltr'><strong>ab</strong></span> <span class='ocrx_word' id='word_1_92' title='bbox 581 2113 733 2178; x_wconf 74' lang='lat' dir='ltr'><strong>Hebraeis</strong></span> <span class='ocrx_word' id='word_1_93' title='bbox 767 2113 803 2176; x_wconf 92' lang='lat' dir='ltr'><strong>in</strong></span> <span class='ocrx_word' id='word_1_94' title='bbox 838 2112 996 2191; x_wconf 82' lang='lat' dir='ltr'><strong>Graecum,</strong></span> <span class='ocrx_word' id='word_1_95' title='bbox 1020 2120 1055 2179; x_wconf 90' lang='lat' dir='ltr'><strong>et</strong></span> <span class='ocrx_word' id='word_1_96' title='bbox 1088 2114 1130 2180; x_wconf 88' lang='lat' dir='ltr'><strong>ab</strong></span> <span class='ocrx_word' id='word_1_97' title='bbox 1167 2114 1309 2181; x_wconf 84' lang='lat' dir='ltr'><strong>Hebraeo</strong></span> <span class='ocrx_word' id='word_1_98' title='bbox 1331 2121 1366 2182; x_wconf 90' lang='lat' dir='ltr'><strong>et</strong></span> 
     </span>
     <span class='ocr_line' id='line_1_14' title="bbox 308 2214 1365 2304; baseline 0.002 -22"><span class='ocrx_word' id='word_1_99' title='bbox 308 2217 421 2282; x_wconf 85' lang='lat' dir='ltr'><strong>Graeco</strong></span> <span class='ocrx_word' id='word_1_100' title='bbox 444 2217 480 2282; x_wconf 90' lang='lat' dir='ltr'><strong>iu</strong></span> <span class='ocrx_word' id='word_1_101' title='bbox 511 2215 678 2290; x_wconf 89' lang='lat' dir='ltr'><strong>Latinum,</strong></span> <span class='ocrx_word' id='word_1_102' title='bbox 706 2214 827 2280; x_wconf 88' lang='lat' dir='ltr'><strong>faciens</strong></span> <span class='ocrx_word' id='word_1_103' title='bbox 859 2215 1106 2280; x_wconf 88' lang='lat' dir='ltr'><strong>distinctionem</strong></span> <span class='ocrx_word' id='word_1_104' title='bbox 1138 2216 1263 2283; x_wconf 85' lang='lat' dir='ltr'><strong>ibidem</strong></span> <span class='ocrx_word' id='word_1_105' title='bbox 1286 2239 1365 2304; x_wconf 91' lang='lat' dir='ltr'><strong>quo-</strong></span> 
     </span>
     <span class='ocr_line' id='line_1_15' title="bbox 308 2315 1366 2406; baseline 0.003 -24"><span class='ocrx_word' id='word_1_106' title='bbox 308 2320 405 2383; x_wconf 89' lang='lat' dir='ltr'><strong>modo</strong></span> <span class='ocrx_word' id='word_1_107' title='bbox 430 2318 490 2383; x_wconf 92' lang='lat' dir='ltr'><strong>hoc</strong></span> <span class='ocrx_word' id='word_1_108' title='bbox 512 2316 666 2404; x_wconf 89' lang='lat' dir='ltr'><strong>possibile</strong></span> <span class='ocrx_word' id='word_1_109' title='bbox 689 2320 746 2382; x_wconf 85' lang='lat' dir='ltr'><strong>est</strong></span> <span class='ocrx_word' id='word_1_110' title='bbox 804 2315 851 2382; x_wconf 87' lang='lat' dir='ltr'><strong>Et</strong></span> <span class='ocrx_word' id='word_1_111' title='bbox 884 2317 1025 2403; x_wconf 89' lang='lat' dir='ltr'><strong>imponit</strong></span> <span class='ocrx_word' id='word_1_112' title='bbox 1049 2317 1254 2406; x_wconf 88' lang='lat' dir='ltr'><strong>Hieronymo</strong></span> <span class='ocrx_word' id='word_1_113' title='bbox 1277 2320 1366 2406; x_wconf 92' lang='lat' dir='ltr'><strong>quod</strong></span> 
     </span>
     <span class='ocr_line' id='line_1_16' title="bbox 308 2418 1366 2508; baseline 0.001 -22"><span class='ocrx_word' id='word_1_114' title='bbox 308 2420 442 2486; x_wconf 92' lang='lat' dir='ltr'><strong>omnino</strong></span> <span class='ocrx_word' id='word_1_115' title='bbox 487 2418 667 2484; x_wconf 91' lang='lat' dir='ltr'><strong>absurdum</strong></span> <span class='ocrx_word' id='word_1_116' title='bbox 713 2422 772 2498; x_wconf 90' lang='lat' dir='ltr'><strong>est,</strong></span> <span class='ocrx_word' id='word_1_117' title='bbox 812 2423 846 2483; x_wconf 89' lang='lat' dir='ltr'><strong>et</strong></span> <span class='ocrx_word' id='word_1_118' title='bbox 888 2425 1004 2486; x_wconf 90' lang='lat' dir='ltr'><strong>contra</strong></span> <span class='ocrx_word' id='word_1_119' title='bbox 1049 2419 1292 2508; x_wconf 88' lang='lat' dir='ltr'><strong>Hieronymum</strong></span> <span class='ocrx_word' id='word_1_120' title='bbox 1330 2424 1366 2488; x_wconf 93' lang='lat' dir='ltr'><strong>in</strong></span> 
     </span>
     <span class='ocr_line' id='line_1_17' title="bbox 308 2519 1367 2613; baseline 0.006 -27"><span class='ocrx_word' id='word_1_121' title='bbox 308 2521 443 2608; x_wconf 87' lang='lat' dir='ltr'><strong>prologo</strong></span> <span class='ocrx_word' id='word_1_122' title='bbox 467 2519 694 2586; x_wconf 86' lang='lat' dir='ltr'><strong>Pentateuchi.</strong></span> <span class='ocrx_word' id='word_1_123' title='bbox 756 2520 840 2587; x_wconf 84' lang='lat' dir='ltr'><strong>Cum</strong></span> <span class='ocrx_word' id='word_1_124' title='bbox 864 2522 951 2586; x_wconf 91' lang='lat' dir='ltr'><strong>enim</strong></span> <span class='ocrx_word' id='word_1_125' title='bbox 974 2522 1011 2586; x_wconf 91' lang='lat' dir='ltr'><strong>in</strong></span> <span class='ocrx_word' id='word_1_126' title='bbox 1032 2524 1201 2590; x_wconf 87' lang='lat' dir='ltr'><strong>translatis</strong></span> <span class='ocrx_word' id='word_1_127' title='bbox 1223 2549 1244 2591; x_wconf 90' lang='lat' dir='ltr'><strong>a</strong></span> <span class='ocrx_word' id='word_1_128' title='bbox 1266 2527 1367 2613; x_wconf 88' lang='lat' dir='ltr'><strong>priori</strong></span> 
     </span>
     <span class='ocr_line' id='line_1_18' title="bbox 308 2621 1366 2710; baseline 0.007 -23"><span class='ocrx_word' id='word_1_129' title='bbox 308 2624 424 2710; x_wconf 88' lang='lat' dir='ltr'><strong>lingua</strong></span> <span class='ocrx_word' id='word_1_130' title='bbox 454 2644 520 2688; x_wconf 90' lang='lat' dir='ltr'><strong>non</strong></span> <span class='ocrx_word' id='word_1_131' title='bbox 554 2627 663 2709; x_wconf 89' lang='lat' dir='ltr'><strong>potest</strong></span> <span class='ocrx_word' id='word_1_132' title='bbox 692 2621 729 2686; x_wconf 89' lang='lat' dir='ltr'><strong>in</strong></span> <span class='ocrx_word' id='word_1_133' title='bbox 759 2624 931 2709; x_wconf 88' lang='lat' dir='ltr'><strong>posteriori</strong></span> <span class='ocrx_word' id='word_1_134' title='bbox 968 2624 1096 2710; x_wconf 90' lang='lat' dir='ltr'><strong>aliquid</strong></span> <span class='ocrx_word' id='word_1_135' title='bbox 1132 2633 1221 2694; x_wconf 84' lang='lat' dir='ltr'><strong>recte</strong></span> <span class='ocrx_word' id='word_1_136' title='bbox 1258 2634 1366 2694; x_wconf 89' lang='lat' dir='ltr'><strong>trans·</strong></span> 
     </span>
     <span class='ocr_line' id='line_1_19' title="bbox 307 2725 1367 2819; baseline 0.004 -29"><span class='ocrx_word' id='word_1_137' title='bbox 307 2727 386 2791; x_wconf 80' lang='lat' dir='ltr'><strong>ferri</strong></span> <span class='ocrx_word' id='word_1_138' title='bbox 443 2725 507 2790; x_wconf 90' lang='lat' dir='ltr'><strong>nisi</strong></span> <span class='ocrx_word' id='word_1_139' title='bbox 561 2725 741 2790; x_wconf 89' lang='lat' dir='ltr'><strong>secundum</strong></span> <span class='ocrx_word' id='word_1_140' title='bbox 796 2726 885 2811; x_wconf 92' lang='lat' dir='ltr'><strong>quod</strong></span> <span class='ocrx_word' id='word_1_141' title='bbox 939 2727 1005 2792; x_wconf 80' lang='lat' dir='ltr'><strong>suit</strong></span> <span class='ocrx_word' id='word_1_142' title='bbox 1061 2729 1097 2793; x_wconf 93' lang='lat' dir='ltr'><strong>in</strong></span> <span class='ocrx_word' id='word_1_143' title='bbox 1146 2732 1273 2819; x_wconf 89' lang='lat' dir='ltr'><strong>origine</strong></span> <span class='ocrx_word' id='word_1_144' title='bbox 1332 2735 1367 2795; x_wconf 90' lang='lat' dir='ltr'><strong>et</strong></span> 
     </span>
     <span class='ocr_line' id='line_1_20' title="bbox 307 2828 1368 2915; baseline 0.005 -23"><span class='ocrx_word' id='word_1_145' title='bbox 307 2828 406 2906; x_wconf 85' lang='lat' dir='ltr'><strong>fonte,</strong></span> <span class='ocrx_word' id='word_1_146' title='bbox 439 2828 649 2895; x_wconf 84' lang='lat' dir='ltr'><strong>manifestum</strong></span> <span class='ocrx_word' id='word_1_147' title='bbox 684 2832 734 2894; x_wconf 87' lang='lat' dir='ltr'><strong>est</strong></span> <span class='ocrx_word' id='word_1_148' title='bbox 768 2830 857 2915; x_wconf 92' lang='lat' dir='ltr'><strong>quod</strong></span> <span class='ocrx_word' id='word_1_149' title='bbox 890 2831 1010 2895; x_wconf 84' lang='lat' dir='ltr'><strong>certius</strong></span> <span class='ocrx_word' id='word_1_150' title='bbox 1044 2833 1177 2898; x_wconf 90' lang='lat' dir='ltr'><strong>omnino</strong></span> <span class='ocrx_word' id='word_1_151' title='bbox 1211 2839 1263 2898; x_wconf 85' lang='lat' dir='ltr'><strong>est</strong></span> <span class='ocrx_word' id='word_1_152' title='bbox 1297 2832 1368 2897; x_wconf 91' lang='lat' dir='ltr'><strong>He-</strong></span> 
     </span>
     <span class='ocr_line' id='line_1_21' title="bbox 308 2929 1367 3016; baseline -0.001 -20"><span class='ocrx_word' id='word_1_153' title='bbox 308 2931 434 2996; x_wconf 85' lang='lat' dir='ltr'><strong>braeum</strong></span> <span class='ocrx_word' id='word_1_154' title='bbox 473 2953 572 3016; x_wconf 90' lang='lat' dir='ltr'><strong>quam</strong></span> <span class='ocrx_word' id='word_1_155' title='bbox 596 2929 758 3009; x_wconf 80' lang='lat' dir='ltr'><strong>Graecum,</strong></span> <span class='ocrx_word' id='word_1_156' title='bbox 782 2935 816 2995; x_wconf 91' lang='lat' dir='ltr'><strong>et</strong></span> <span class='ocrx_word' id='word_1_157' title='bbox 847 2931 907 2995; x_wconf 93' lang='lat' dir='ltr'><strong>hoc</strong></span> <span class='ocrx_word' id='word_1_158' title='bbox 930 2953 1030 3016; x_wconf 89' lang='lat' dir='ltr'><strong>quam</strong></span> <span class='ocrx_word' id='word_1_159' title='bbox 1054 2932 1218 3012; x_wconf 89' lang='lat' dir='ltr'><strong>Latinum,</strong></span> <span class='ocrx_word' id='word_1_160' title='bbox 1244 2935 1280 2997; x_wconf 92' lang='lat' dir='ltr'><strong>in</strong></span> <span class='ocrx_word' id='word_1_161' title='bbox 1315 2933 1367 2996; x_wconf 90' lang='lat' dir='ltr'><strong>his</strong></span> 
     </span>
     <span class='ocr_line' id='line_1_22' title="bbox 307 3032 1368 3119; baseline -0.001 -20"><span class='ocrx_word' id='word_1_162' title='bbox 307 3056 380 3119; x_wconf 85' lang='lat' dir='ltr'><strong>quas</strong></span> <span class='ocrx_word' id='word_1_163' title='bbox 412 3057 433 3098; x_wconf 91' lang='lat' dir='ltr'><strong>a</strong></span> <span class='ocrx_word' id='word_1_164' title='bbox 462 3033 626 3119; x_wconf 86' lang='lat' dir='ltr'><strong>prioribus</strong></span> <span class='ocrx_word' id='word_1_165' title='bbox 660 3033 782 3118; x_wconf 81' lang='lat' dir='ltr'><strong>linguis</strong></span> <span class='ocrx_word' id='word_1_166' title='bbox 816 3033 852 3096; x_wconf 90' lang='lat' dir='ltr'><strong>in</strong></span> <span class='ocrx_word' id='word_1_167' title='bbox 887 3032 1082 3119; x_wconf 86' lang='lat' dir='ltr'><strong>posteriores</strong></span> <span class='ocrx_word' id='word_1_168' title='bbox 1114 3036 1368 3102; x_wconf 78' lang='lat' dir='ltr'><strong>transferantur.</strong></span> 
     </span>
     <span class='ocr_line' id='line_1_23' title="bbox 307 3132 1369 3222; baseline -0.004 -22"><span class='ocrx_word' id='word_1_169' title='bbox 307 3136 352 3200; x_wconf 89' lang='lat' dir='ltr'><strong>Et</strong></span> <span class='ocrx_word' id='word_1_170' title='bbox 382 3135 596 3221; x_wconf 87' lang='lat' dir='ltr'><strong>proculdubio</strong></span> <span class='ocrx_word' id='word_1_171' title='bbox 629 3134 855 3218; x_wconf 89' lang='lat' dir='ltr'><strong>Hieronymus</strong></span> <span class='ocrx_word' id='word_1_172' title='bbox 886 3157 1036 3222; x_wconf 88' lang='lat' dir='ltr'><strong>expresse</strong></span> <span class='ocrx_word' id='word_1_173' title='bbox 1068 3137 1149 3204; x_wconf 92' lang='lat' dir='ltr'><strong>dicit</strong></span> <span class='ocrx_word' id='word_1_174' title='bbox 1179 3136 1279 3202; x_wconf 87' lang='lat' dir='ltr'><strong>istud</strong></span> <span class='ocrx_word' id='word_1_175' title='bbox 1323 3132 1369 3196; x_wconf 84' lang='lat' dir='ltr'><strong>Et</strong></span> 
     </span>
     <span class='ocr_line' id='line_1_24' title="bbox 306 3234 1372 3326; baseline -0.003 -26"><span class='ocrx_word' id='word_1_176' title='bbox 306 3236 381 3301; x_wconf 89' lang='lat' dir='ltr'><strong>ideo</strong></span> <span class='ocrx_word' id='word_1_177' title='bbox 428 3236 580 3322; x_wconf 91' lang='lat' dir='ltr'><strong>Hugutio</strong></span> <span class='ocrx_word' id='word_1_178' title='bbox 618 3257 686 3300; x_wconf 92' lang='lat' dir='ltr'><strong>non</strong></span> <span class='ocrx_word' id='word_1_179' title='bbox 724 3235 892 3302; x_wconf 79' lang='lat' dir='ltr'><strong>intellexit</strong></span> <span class='ocrx_word' id='word_1_180' title='bbox 936 3237 1182 3326; x_wconf 88' lang='lat' dir='ltr'><strong>Hieronymum</strong></span> <span class='ocrx_word' id='word_1_181' title='bbox 1224 3238 1263 3302; x_wconf 92' lang='lat' dir='ltr'><strong>in</strong></span> <span class='ocrx_word' id='word_1_182' title='bbox 1308 3234 1372 3297; x_wconf 86' lang='lat' dir='ltr'><strong>hac</strong></span> 
     </span>
     <span class='ocr_line' id='line_1_25' title="bbox 305 3335 1375 3424; baseline -0.001 -23"><span class='ocrx_word' id='word_1_183' title='bbox 305 3343 407 3424; x_wconf 87' lang='lat' dir='ltr'><strong>parte.</strong></span> <span class='ocrx_word' id='word_1_184' title='bbox 454 3338 508 3402; x_wconf 84' lang='lat' dir='ltr'><strong>Ex</strong></span> <span class='ocrx_word' id='word_1_185' title='bbox 534 3359 599 3422; x_wconf 93' lang='lat' dir='ltr'><strong>quo</strong></span> <span class='ocrx_word' id='word_1_186' title='bbox 622 3343 715 3423; x_wconf 87' lang='lat' dir='ltr'><strong>patet</strong></span> <span class='ocrx_word' id='word_1_187' title='bbox 737 3339 825 3422; x_wconf 92' lang='lat' dir='ltr'><strong>quod</strong></span> <span class='ocrx_word' id='word_1_188' title='bbox 848 3338 884 3405; x_wconf 94' lang='lat' dir='ltr'><strong>in</strong></span> <span class='ocrx_word' id='word_1_189' title='bbox 918 3339 1002 3407; x_wconf 90' lang='lat' dir='ltr'><strong>libro</strong></span> <span class='ocrx_word' id='word_1_190' title='bbox 1024 3364 1083 3409; x_wconf 88' lang='lat' dir='ltr'><strong>suo</strong></span> <span class='ocrx_word' id='word_1_191' title='bbox 1106 3344 1159 3410; x_wconf 94' lang='lat' dir='ltr'><strong>De</strong></span> <span class='ocrx_word' id='word_1_192' title='bbox 1190 3335 1375 3407; x_wconf 88' lang='lat' dir='ltr'><strong>Vocabulis</strong></span> 
     </span>
     <span class='ocr_line' id='line_1_26' title="bbox 308 3438 1377 3532; baseline 0.007 -28"><span class='ocrx_word' id='word_1_193' title='bbox 308 3444 405 3519; x_wconf 89' lang='lat' dir='ltr'><strong>errat,</strong></span> <span class='ocrx_word' id='word_1_194' title='bbox 431 3461 506 3503; x_wconf 91' lang='lat' dir='ltr'><strong>cum</strong></span> <span class='ocrx_word' id='word_1_195' title='bbox 542 3438 639 3517; x_wconf 87' lang='lat' dir='ltr'><strong>dicat,</strong></span> <span class='ocrx_word' id='word_1_196' title='bbox 665 3441 752 3525; x_wconf 91' lang='lat' dir='ltr'><strong>quod</strong></span> <span class='ocrx_word' id='word_1_197' title='bbox 786 3463 807 3505; x_wconf 91' lang='lat' dir='ltr'><strong>a</strong></span> <span class='ocrx_word' id='word_1_198' title='bbox 840 3442 939 3509; x_wconf 91' lang='lat' dir='ltr'><strong>dooeo</strong></span> <span class='ocrx_word' id='word_1_199' title='bbox 970 3444 1091 3512; x_wconf 89' lang='lat' dir='ltr'><strong>dicitur</strong></span> <span class='ocrx_word' id='word_1_200' title='bbox 1113 3446 1261 3532; x_wconf 83' lang='lat' dir='ltr'><strong>dogma3</strong></span> <span class='ocrx_word' id='word_1_201' title='bbox 1295 3456 1377 3521; x_wconf 75' lang='lat'>&lt;1110-</span> 
     </span>
     <span class='ocr_line' id='line_1_27' title="bbox 307 3535 1380 3632; baseline -0.002 -28"><span class='ocrx_word' id='word_1_202' title='bbox 307 3541 397 3605; x_wconf 90' lang='lat' dir='ltr'><strong>niam</strong></span> <span class='ocrx_word' id='word_1_203' title='bbox 437 3541 535 3606; x_wconf 90' lang='lat' dir='ltr'><strong>doceo</strong></span> <span class='ocrx_word' id='word_1_204' title='bbox 574 3541 740 3620; x_wconf 87' lang='lat' dir='ltr'><strong>Latinum,</strong></span> <span class='ocrx_word' id='word_1_205' title='bbox 780 3548 814 3608; x_wconf 91' lang='lat' dir='ltr'><strong>et</strong></span> <span class='ocrx_word' id='word_1_206' title='bbox 852 3544 972 3632; x_wconf 80' lang='lat' dir='ltr'><strong>dogma</strong></span> <span class='ocrx_word' id='word_1_207' title='bbox 1003 3549 1157 3615; x_wconf 82' lang='lat' dir='ltr'><strong>Graecum</strong></span> <span class='ocrx_word' id='word_1_208' title='bbox 1197 3548 1262 3608; x_wconf 87' lang='lat' dir='ltr'><strong>est.</strong></span> <span class='ocrx_word' id='word_1_209' title='bbox 1311 3535 1380 3604; x_wconf 80' lang='lat' dir='ltr'><strong>sed</strong></span> 
     </span>
     <span class='ocr_line' id='line_1_28' title="bbox 306 3642 1381 3736; baseline 0.012 -31"><span class='ocrx_word' id='word_1_210' title='bbox 306 3643 396 3729; x_wconf 91' lang='lat' dir='ltr'><strong>prior</strong></span> <span class='ocrx_word' id='word_1_211' title='bbox 433 3642 547 3726; x_wconf 87' lang='lat' dir='ltr'><strong>lingua</strong></span> <span class='ocrx_word' id='word_1_212' title='bbox 592 3665 659 3709; x_wconf 91' lang='lat' dir='ltr'><strong>non</strong></span> <span class='ocrx_word' id='word_1_213' title='bbox 705 3645 903 3715; x_wconf 85' lang='lat' dir='ltr'><strong>certificatur</strong></span> <span class='ocrx_word' id='word_1_214' title='bbox 939 3671 998 3735; x_wconf 90' lang='lat' dir='ltr'><strong>per</strong></span> <span class='ocrx_word' id='word_1_215' title='bbox 1043 3647 1278 3736; x_wconf 77' lang='lat' dir='ltr'><strong>posteriorem,</strong></span> <span class='ocrx_word' id='word_1_216' title='bbox 1319 3656 1381 3699; x_wconf 68' lang='lat'><strong>¹100</strong></span> 
     </span>
     <span class='ocr_line' id='line_1_29' title="bbox 306 3733 1386 3835; baseline -0.006 -25"><span class='ocrx_word' id='word_1_217' title='bbox 306 3744 476 3810; x_wconf 88' lang='lat' dir='ltr'><strong>derivatur</strong></span> <span class='ocrx_word' id='word_1_218' title='bbox 513 3768 533 3810; x_wconf 91' lang='lat' dir='ltr'><strong>a</strong></span> <span class='ocrx_word' id='word_1_219' title='bbox 570 3747 751 3831; x_wconf 90' lang='lat' dir='ltr'><strong>posteriori,</strong></span> <span class='ocrx_word' id='word_1_220' title='bbox 787 3754 826 3814; x_wconf 92' lang='lat' dir='ltr'><strong>ut</strong></span> <span class='ocrx_word' id='word_1_221' title='bbox 863 3750 1003 3835; x_wconf 89' lang='lat' dir='ltr'><strong>quilibet</strong></span> <span class='ocrx_word' id='word_1_222' title='bbox 1037 3750 1120 3817; x_wconf 89' lang='lat' dir='ltr'><strong>satis</strong></span> <span class='ocrx_word' id='word_1_223' title='bbox 1160 3741 1273 3808; x_wconf 83' lang='lat' dir='ltr'><strong>novit.</strong></span> <span class='ocrx_word' id='word_1_224' title='bbox 1337 3733 1386 3797; x_wconf 80' lang='lat' dir='ltr'><strong>Et</strong></span> 
     </span>
     <span class='ocr_line' id='line_1_30' title="bbox 306 3838 1388 3937; baseline 0.002 -26"><span class='ocrx_word' id='word_1_225' title='bbox 306 3847 366 3912; x_wconf 90' lang='lat' dir='ltr'><strong>hoc</strong></span> <span class='ocrx_word' id='word_1_226' title='bbox 397 3869 547 3934; x_wconf 85' lang='lat' dir='ltr'><strong>expresse</strong></span> <span class='ocrx_word' id='word_1_227' title='bbox 586 3848 668 3914; x_wconf 91' lang='lat' dir='ltr'><strong>dicit</strong></span> <span class='ocrx_word' id='word_1_228' title='bbox 691 3849 916 3937; x_wconf 88' lang='lat' dir='ltr'><strong>Hieronymus</strong></span> <span class='ocrx_word' id='word_1_229' title='bbox 953 3854 989 3919; x_wconf 91' lang='lat' dir='ltr'><strong>in</strong></span> <span class='ocrx_word' id='word_1_230' title='bbox 1026 3853 1114 3918; x_wconf 91' lang='lat' dir='ltr'><strong>libro</strong></span> <span class='ocrx_word' id='word_1_231' title='bbox 1140 3838 1388 3924; x_wconf 68' lang='lat' dir='ltr'><strong>Quaessffifflmm</strong></span> 
     </span>
     <span class='ocr_line' id='line_1_31' title="bbox 308 3950 1392 4030; baseline 0 -16"><span class='ocrx_word' id='word_1_232' title='bbox 308 3950 563 4016; x_wconf 87' lang='lat' dir='ltr'><strong>Hebraicarum¹</strong></span> <span class='ocrx_word' id='word_1_233' title='bbox 589 3956 623 4017; x_wconf 90' lang='lat' dir='ltr'><strong>et</strong></span> <span class='ocrx_word' id='word_1_234' title='bbox 647 3951 781 4017; x_wconf 84' lang='lat' dir='ltr'><strong>Servius</strong></span> <span class='ocrx_word' id='word_1_235' title='bbox 807 3955 844 4018; x_wconf 88' lang='lat' dir='ltr'><strong>in</strong></span> <span class='ocrx_word' id='word_1_236' title='bbox 866 3954 1106 4022; x_wconf 86' lang='lat' dir='ltr'><strong>commentario</strong></span> <span class='ocrx_word' id='word_1_237' title='bbox 1139 3964 1248 4030; x_wconf 74' lang='lat' dir='ltr'><strong>super</strong></span> <span class='ocrx_word' id='word_1_238' title='bbox 1272 3955 1392 4001; x_wconf 63' lang='lat' dir='ltr'><strong>secun·</strong></span> 
     </span>
     <span class='ocr_line' id='line_1_32' title="bbox 307 4042 1396 4143; baseline -0.002 -25"><span class='ocrx_word' id='word_1_239' title='bbox 307 4054 386 4118; x_wconf 89' lang='lat' dir='ltr'><strong>dum</strong></span> <span class='ocrx_word' id='word_1_240' title='bbox 422 4054 654 4141; x_wconf 85' lang='lat' dir='ltr'><strong>Georgicorum</strong></span> <span class='ocrx_word' id='word_1_241' title='bbox 681 4056 922 4143; x_wconf 88' lang='lat' dir='ltr'><strong>reprehendens</strong></span> <span class='ocrx_word' id='word_1_242' title='bbox 948 4059 1137 4128; x_wconf 86' lang='lat' dir='ltr'><strong>Donatum,</strong></span> <span class='ocrx_word' id='word_1_243' title='bbox 1180 4042 1245 4129; x_wconf 75' lang='lat' dir='ltr'><strong>qui</strong></span> <span class='ocrx_word' id='word_1_244' title='bbox 1268 4054 1396 4102; x_wconf 89' lang='lat' dir='ltr'><strong>nomen</strong></span> 
     </span>
     <span class='ocr_line' id='line_1_33' title="bbox 305 4135 1400 4243; baseline -0.017 -24"><span class='ocrx_word' id='word_1_245' title='bbox 305 4155 433 4236; x_wconf 85' lang='lat' dir='ltr'><strong>Bacchi,</strong></span> <span class='ocrx_word' id='word_1_246' title='bbox 469 4158 557 4243; x_wconf 89' lang='lat' dir='ltr'><strong>quod</strong></span> <span class='ocrx_word' id='word_1_247' title='bbox 584 4163 634 4224; x_wconf 87' lang='lat' dir='ltr'><strong>est</strong></span> <span class='ocrx_word' id='word_1_248' title='bbox 675 4158 822 4224; x_wconf 73' lang='lat' dir='ltr'><strong>leneas</strong></span> <span class='ocrx_word' id='word_1_249' title='bbox 862 4158 1022 4239; x_wconf 80' lang='lat' dir='ltr'><strong>Graecum,</strong></span> <span class='ocrx_word' id='word_1_250' title='bbox 1057 4153 1147 4222; x_wconf 87' lang='lat' dir='ltr'><strong>dicit</strong></span> <span class='ocrx_word' id='word_1_251' title='bbox 1188 4135 1345 4210; x_wconf 84' lang='lat' dir='ltr'><strong>derivari</strong></span> <span class='ocrx_word' id='word_1_252' title='bbox 1378 4155 1400 4197; x_wconf 85' lang='lat' dir='ltr'><strong>a</strong></span> 
     </span>
     <span class='ocr_line' id='line_1_34' title="bbox 306 4243 1401 4348; baseline -0.003 -27"><span class='ocrx_word' id='word_1_253' title='bbox 306 4259 401 4335; x_wconf 87' lang='lat' dir='ltr'><strong>lenio,</strong></span> <span class='ocrx_word' id='word_1_254' title='bbox 434 4260 526 4324; x_wconf 85' lang='lat' dir='ltr'><strong>lenis.</strong></span> <span class='ocrx_word' id='word_1_255' title='bbox 576 4261 639 4327; x_wconf 82' lang='lat' dir='ltr'><strong>Oui</strong></span> <span class='ocrx_word' id='word_1_256' title='bbox 663 4261 798 4328; x_wconf 85' lang='lat' dir='ltr'><strong>Servius</strong></span> <span class='ocrx_word' id='word_1_257' title='bbox 814 4261 928 4348; x_wconf 91' lang='lat' dir='ltr'><strong>objicit</strong></span> <span class='ocrx_word' id='word_1_258' title='bbox 942 4261 1032 4348; x_wconf 91' lang='lat' dir='ltr'><strong>quod</strong></span> <span class='ocrx_word' id='word_1_259' title='bbox 1058 4258 1222 4322; x_wconf 84' lang='lat' dir='ltr'><strong>Lenaeus</strong></span> <span class='ocrx_word' id='word_1_260' title='bbox 1243 4243 1401 4310; x_wconf 57' lang='grc' dir='ltr'><strong>ΟΜΝ</strong></span> 
     </span>
     <span class='ocr_line' id='line_1_35' title="bbox 306 4345 1404 4452; baseline -0.008 -27"><span class='ocrx_word' id='word_1_261' title='bbox 306 4366 365 4440; x_wconf 86' lang='lat' dir='ltr'><strong>est,</strong></span> <span class='ocrx_word' id='word_1_262' title='bbox 404 4365 438 4426; x_wconf 90' lang='lat' dir='ltr'><strong>et</strong></span> <span class='ocrx_word' id='word_1_263' title='bbox 475 4363 550 4430; x_wconf 90' lang='lat' dir='ltr'><strong>ideo</strong></span> <span class='ocrx_word' id='word_1_264' title='bbox 583 4363 736 4430; x_wconf 89' lang='lat' dir='ltr'><strong>Latinam</strong></span> <span class='ocrx_word' id='word_1_265' title='bbox 777 4387 845 4430; x_wconf 91' lang='lat' dir='ltr'><strong>non</strong></span> <span class='ocrx_word' id='word_1_266' title='bbox 881 4365 1001 4452; x_wconf 88' lang='lat' dir='ltr'><strong>recipit</strong></span> <span class='ocrx_word' id='word_1_267' title='bbox 1039 4345 1404 4446; x_wconf 64' lang='lat' dir='ltr'><strong>interpretationem?</strong></span> 
     </span>
    </p>
   </div>
   <div class='ocr_carea' id='block_1_5' title="bbox 306 4535 1396 4576">
    <p class='ocr_par' dir='ltr' id='par_1_5' title="bbox 306 4535 1396 4576">
     <span class='ocr_line' id='line_1_36' title="bbox 306 4535 1396 4576; baseline 0 -5"><span class='ocrx_word' id='word_1_268' title='bbox 306 4535 1396 4576; x_wconf 34' lang='grc' dir='ltr'><strong>ω-Ᾰ</strong></span> 
     </span>
    </p>
   </div>
   <div class='ocr_carea' id='block_1_6' title="bbox 559 4700 1177 4777">
    <p class='ocr_par' dir='ltr' id='par_1_6' title="bbox 559 4700 1177 4777">
     <span class='ocr_line' id='line_1_37' title="bbox 559 4700 1177 4777; baseline -0.015 -23"><span class='ocrx_word' id='word_1_269' title='bbox 559 4703 565 4731; x_wconf 87' lang='lat'>¹</span> <span class='ocrx_word' id='word_1_270' title='bbox 582 4701 745 4765; x_wconf 70' lang='lat' dir='ltr'><strong>Questiouum</strong></span> <span class='ocrx_word' id='word_1_271' title='bbox 757 4703 950 4777; x_wconf 81' lang='lat' dir='ltr'><strong>Hebraicarum]</strong></span> <span class='ocrx_word' id='word_1_272' title='bbox 981 4703 1063 4759; x_wconf 79' lang='lat' dir='ltr'><strong>Praef.</strong></span> <span class='ocrx_word' id='word_1_273' title='bbox 1074 4700 1177 4766; x_wconf 78' lang='lat' dir='ltr'><strong>p.303.</strong></span> 
     </span>
    </p>
   </div>
   <div class='ocr_carea' id='block_1_7' title="bbox 0 0 1798 5640">
    <p class='ocr_par' dir='ltr' id='par_1_7' title="bbox 0 0 1798 5640">
     <span class='ocr_line' id='line_1_38' title="bbox 0 0 1798 5640; baseline 0 0"><span class='ocrx_word' id='word_1_274' title='bbox 0 0 1798 5640; x_wconf 95' lang='lat' dir='ltr'><strong> </strong></span> 
     </span>
    </p>
   </div>
  </div>
 </body>
</html>
