3586 5640
445 746 522 833 vn]
786 763 1017 814 cornuunmu
1039 763 1162 814 srunn
1431 747 1497 812 463

445 951 674 1039 multipliciter
711 952 904 1038 corripuisse
942 952 1015 1030 ista,
1054 972 1128 1016 cum
1166 949 1278 1014 omnia
1314 969 1387 1034 quae
1424 948 1501 1015 vult

444 1052 616 1118 confirmat
638 1058 673 1119 ct
694 1054 849 1139 reprobat
882 1073 1026 1138 percos.
1075 1052 1185 1138 Igitur
1208 1051 1336 1116 fecisset
1359 1050 1498 1116 mentio·

444 1177 519 1219 nem
542 1156 583 1220 de
606 1155 671 1220 illis
700 1161 760 1221 aut
790 1154 981 1240 excipiendo
1003 1158 1064 1219 aut
1094 1154 1287 1230 excusando,
1311 1153 1396 1217 sicut
1421 1152 1500 1217 facit

444 1257 480 1320 in
502 1257 668 1342 aliquibus
690 1258 750 1323 nbi
771 1262 878 1343 poetae
908 1256 960 1320 usi
983 1261 1063 1321 sunt
1096 1255 1207 1341 aliqua
1241 1255 1368 1342 syllaba
1400 1254 1500 1341 longa

445 1359 500 1423 vel
524 1360 626 1438 brevi,
651 1359 781 1446 poetica
818 1358 958 1424 licentia
1006 1357 1085 1423 Non
1118 1358 1223 1444 igitur
1259 1357 1318 1421 ubi
1352 1357 1423 1442 agit
1455 1355 1496 1420 de

444 1460 653 1524 diminutivis
676 1461 845 1526 excusavit
872 1458 1093 1527 Juvenalem¹
1118 1461 1176 1546 qui
1207 1458 1498 1545 antepenultimam

444 1560 633 1646 hujusmodi
656 1563 798 1627 nominis
822 1561 975 1629 cuticula
997 1563 1158 1650 producit,
1183 1563 1312 1628 dicens:

591 1720 609 1748 “
625 1713 709 1779 Oum
732 1714 815 1780 libet
836 1716 988 1780 aestivum
1011 1714 1153 1779 cuticula
1176 1711 1305 1778 solenn”

445 1864 498 1930 Ex
513 1872 654 1952 quatuor
676 1868 764 1932 enim
780 1867 935 1934 brevibus
950 1872 1008 1946 est,
1025 1869 1083 1933 scd
1097 1867 1291 1933 necessitate
1313 1865 1411 1930 metri
1425 1886 1498 1952 pro·

443 1968 541 2034 duxit
570 1969 877 2056 antepenultimam.
924 1969 1010 2036 Oum
1033 1991 1111 2034 vero
1143 1968 1260 2055 objicit
1283 1968 1386 2046 Brito,
1410 1968 1498 2052 quod

442 2071 530 2136 inter
551 2073 702 2159 exempla
716 2094 777 2137 sua
799 2071 847 2136 ibi
869 2071 965 2159 ponit
987 2071 1049 2136 hoc
1070 2092 1192 2136 nornen
1216 2069 1385 2149 aalma,
1410 2070 1498 2155 quod

443 2173 668 2239 videturesse
692 2173 853 2253 Graecum,
877 2173 956 2258 quia
978 2171 1063 2253 laon,
1086 2173 1174 2258 quod
1198 2178 1248 2237 est
1263 2173 1323 2253 lec,
1347 2171 1498 2237 Graecum

445 2281 515 2354 est3
537 2276 720 2354 dicendum,
738 2277 826 2362 quod
848 2297 917 2341 non
936 2275 1106 2342 derivatur
1126 2298 1147 2340 a
1162 2273 1244 2353 leon,
1261 2273 1394 2354 leontos,
1410 2274 1499 2359 quod

444 2384 494 2442 est
518 2378 678 2457 Graccum,
694 2379 730 2443 in
753 2378 868 2444 Graeca
882 2377 1119 2444 consuetudine
1142 2377 1366 2456 declinatum3
1400 2376 1456 2441 sed
1479 2399 1500 2440 a

443 2479 503 2556 leo,
531 2480 615 2560 -nis,
638 2480 706 2561 -ni,
730 2481 818 2566 quod
838 2480 957 2572 Latine
981 2480 1182 2546 declinatum
1205 2484 1241 2545 et
1263 2501 1354 2544 more
1377 2478 1499 2543 Latino

444 2588 633 2667 acceptum
655 2583 707 2647 cui
730 2582 865 2646 additur
879 2603 958 2662 aas,
975 2587 1009 2648 et
1023 2582 1064 2647 fit
1079 2581 1237 2647 leoninus.
1284 2581 1329 2646 Et
1343 2580 1416 2646 ideo
1432 2580 1499 2645 leo·

444 2684 543 2748 ninus
565 2688 677 2748 servat
698 2705 823 2749 morem
847 2683 1050 2749 Latinorum.
1097 2682 1259 2749 Similiter
1274 2683 1361 2768 quod
1385 2683 1498 2768 objicit

443 2785 484 2850 de
511 2786 573 2852 hoc
595 2786 727 2851 nomine
749 2784 962 2852 mustelinam
984 2785 1032 2850 ibi
1062 2786 1178 2872 posito,
1211 2784 1388 2850 dicendum
1411 2785 1499 2868 quod

442 2888 582 2953 mustela
608 2909 676 2952 non
716 2894 767 2952 est
799 2885 958 2953 Graecum.
1013 2886 1102 2951 Nam
1136 2887 1278 2951 mustela
1308 2886 1397 2971 apud
1429 2906 1496 2962 nos,

443 2993 582 3054 vocatur
613 2988 690 3074 pulc
721 2988 809 3074 apud
837 2989 973 3054 Graecos.
1036 2987 1081 3051 Et
1117 2987 1259 3052 mustela
1288 2986 1317 3050 si
1348 2985 1497 3051 Graecum

443 3096 536 3167 esset,
572 3090 693 3154 Latino
725 3097 837 3155 tamen
868 3111 958 3154 more
987 3093 1021 3153 et
1044 3088 1177 3165 Latina,
1196 3088 1414 3152 declinatione
1445 3109 1498 3152 ao-

443 3192 573 3277 cipitur,
597 3191 820 3276 inquantum
842 3191 886 3255 ab
920 3213 958 3255 eo
984 3190 1180 3255 mustelinus
1211 3189 1390 3255 derivatur.
1452 3190 1498 3256 Et

443 3292 595 3357 similiter
617 3292 657 3357 de
679 3293 739 3369 his,
763 3291 1047 3377 metropolitanus,
1070 3291 1319 3377 Neapolitanus,
1336 3299 1370 3357 et
1384 3290 1498 3378 hujus-

444 3394 543 3471 modi,
568 3413 642 3477 quas
674 3393 892 3479 penultimam
923 3394 1109 3482 producunt
1135 3397 1170 3459 et
1200 3400 1278 3460 sunt
1309 3395 1496 3482 possessiva

445 3494 511 3561 Sed
541 3495 730 3582 metropolis
761 3494 913 3561 Graecum
951 3500 1010 3575 est,
1042 3502 1077 3562 et
1110 3495 1288 3582 Neapolis;
1321 3497 1496 3562 dicendum

444 3597 533 3683 quod
559 3619 628 3663 non
658 3603 709 3663 est
739 3598 845 3663 forma
875 3599 996 3678 Graeca,
1021 3599 1078 3664 sed
1108 3621 1129 3663 a
1158 3600 1275 3685 gentili
1305 3600 1438 3665 nomine
1460 3599 1497 3663 in

444 3706 500 3781 tes,
531 3699 617 3764 sicut
639 3700 676 3764 in
701 3700 859 3766 Latinum
879 3701 1144 3766 transformatur.
1191 3700 1279 3766 Nam
1311 3701 1496 3765 Priscianus

443 3802 525 3868 dicit
552 3803 639 3887 quod
669 3801 713 3867 ab
739 3802 801 3867 hoc
827 3803 959 3868 nomine
985 3802 1211 3890 owtropolitcs
1237 3804 1357 3868 dicitur
1376 3807 1497 3868 metro·

443 3905 618 3990 politanus,
649 3925 683 3970 aa
714 3909 844 3970 mutata
869 3905 906 3969 in
928 3927 977 3987 os,
1001 3911 1036 3971 et
1065 3928 1086 3969 a
1108 3904 1308 3992 Neapolites
1340 3904 1496 3991 Neapoli·

443 4012 549 4072 tanus.
596 4007 642 4073 Et
664 4007 742 4074 lieet
772 4007 946 4094 primitiva
967 4009 1012 4073 sit
1043 4006 1166 4086 Graeca,
1205 4013 1318 4072 tamen
1340 4007 1410 4072 haec
1440 4008 1496 4073 de·

444 4110 588 4176 rivativa
618 4115 752 4175 servant
788 4109 928 4176 formam
959 4115 994 4176 et
1031 4131 1158 4175 morem
1195 4109 1399 4175 Latinorum
1444 4109 1496 4175 De

447 4212 488 4278 iis
503 4234 576 4298 quse
603 4212 719 4299 objicit
733 4212 837 4295 Brito,
866 4217 904 4278 ut
933 4211 1171 4292 deoardianus,2
1194 4234 1280 4294 eous,
1310 4212 1438 4294 herous,
1461 4217 1497 4280 et

477 4530 889 4600 mammosa-usas.
971 4531 977 4602 ι
1022 4531 1338 4601 *aaaaansans
