3586 5640
306 805 374 894 xa]
700 824 788 877 orus
809 826 969 880 rannus
1315 817 1360 891 37

305 994 427 1062 scimus
443 994 563 1061 omnia
610 993 724 1062 cacus
746 996 835 1062 enim
855 997 940 1062 nihil
963 997 1025 1064 scit
1047 999 1087 1065 dc
1109 1001 1169 1066 hoc
1192 1001 1316 1067 mundo
1329 999 1354 1085 3¹
1371 1014 1523 1072 Theoxen-

303 1098 395 1165 visus
425 1099 515 1164 enim
544 1097 690 1164 munda
713 1099 809 1164 noba
839 1120 949 1165 rerum
979 1101 1191 1183 afferentia,
1218 1109 1257 1169 ut
1279 1082 1494 1204 ars-w„

301 1199 436 1266 stoteles
458 1199 564 1278 dicit,²
585 1204 620 1266 et
641 1200 760 1267 scimus
774 1223 832 1288 per
847 1201 1092 1289 experientiam
1139 1205 1222 1271 Haec
1244 1211 1356 1271 autem
1494 1191 1501 1204 ⁶

301 1302 462 1369 certificat
498 1300 733 1368 mathematica
769 1308 804 1368 et
841 1302 981 1381 omnia,³
1017 1304 1098 1390 quia
1135 1305 1357 1373 instrumenta

302 1404 510 1470 astronomiae
539 1426 606 1470 non
635 1403 774 1483 vadunt,
805 1404 869 1469 nisi
899 1427 957 1492 per
983 1405 1153 1488 visionem,
1176 1408 1355 1474 secundum

300 1505 389 1594 leges
403 1506 498 1573 istim
513 1505 664 1572 scientim
711 1505 745 1572 N
746 1528 783 1572 ec
804 1507 924 1572 mirum
947 1508 976 1573 si
998 1507 1112 1573 omnia
1130 1507 1276 1575 sciantur
1298 1533 1356 1598 per

301 1607 577 1688 mathematicam,
593 1613 628 1673 et
650 1607 762 1673 omnia
783 1629 842 1695 per
864 1608 957 1690 hanc,
973 1609 1053 1695 quia
1073 1631 1187 1676 omnes
1208 1611 1354 1679 scientim

301 1714 382 1776 sunt
402 1731 558 1776 connexae
589 1709 642 1794 (ut
663 1709 813 1797 superius
835 1708 933 1797 dixi),
956 1711 1033 1778 licet
1059 1711 1353 1798 quaelibetsimu1⁴

300 1833 376 1878 oum
400 1811 462 1878 hnc
489 1809 611 1878 habeat
632 1808 746 1877 suam⁶
775 1810 1015 1899 proprietatem.
1061 1811 1163 1880 Unde
1196 1815 1354 1900 quaelibet

299 1913 402 1980 habet
430 1919 627 2002 potestatem
657 1912 693 1978 in
724 1911 833 1995 aliam,
858 1936 918 1979 nec
947 1919 1056 2001 potest
1082 1937 1150 1980 una
1173 1916 1249 1982 sciri
1282 1917 1352 1982 sine

299 2016 374 2097 alia,
390 2021 430 2081 ut
448 2016 644 2103 pradictum
666 2021 724 2082 est
771 2014 817 2080 Et
838 2037 967 2082 necesse
990 2022 1040 2081 est
1062 2017 1176 2082 omnia
1197 2017 1273 2081 sciri
1295 2041 1354 2104 per

300 2119 384 2185 hanc
406 2118 585 2200 scientiam,
616 2116 713 2205 quia⁶
745 2139 857 2183 omnes
889 2119 1034 2183 actiones
1055 2140 1165 2183 rerum
1187 2118 1274 2184 fiunt
1305 2142 1353 2185 sc-

299 2221 444 2287 cundum
481 2220 661 2307 specierum
698 2225 733 2286 et
770 2219 934 2284 virtutum
972 2220 1279 2307 multiplicationem
1309 2221 1352 2288 ab

298 2322 474 2410 agentibus
495 2323 594 2410 hujus
616 2321 730 2388 mundi
762 2321 798 2386 in
824 2323 978 2388 materias
1000 2323 1185 2409 patientes;
1215 2329 1249 2389 et
1264 2324 1352 2410 leges

296 2423 486 2513 hujusmodi
513 2423 824 2511 multiplicationum
856 2446 925 2490 non
957 2425 1106 2491 sciuntur
1137 2424 1202 2491 nisi
1231 2447 1252 2491 a
1281 2448 1354 2514 per-

297 2527 452 2615 spectiva,
467 2548 527 2594 nec
541 2526 622 2592 alibi
637 2531 716 2591 sunt
738 2525 872 2594 traditae
893 2526 1025 2610 adhuc;
1048 2548 1124 2594 cum
1146 2531 1259 2594 tamen
1282 2549 1350 2594 non

296 2628 403 2695 solum
428 2629 497 2696 sint
522 2649 709 2696 communes
734 2627 856 2694 actioni
881 2629 917 2693 in
943 2629 1061 2706 visum,
1084 2628 1142 2696 sed
1163 2629 1199 2695 in
1221 2652 1351 2696 omnem

297 2752 437 2809 sensum,
453 2737 488 2797 et
510 2731 547 2796 in
568 2733 674 2796 totam
696 2728 814 2796 mundi
838 2729 1033 2809 machinam,
1049 2734 1085 2797 et
1107 2730 1143 2796 in
1165 2732 1351 2798 ooelestibus

297 2833 391 2900 etin
412 2830 629 2900 inferioribus

343 2936 426 3004 Haec
449 2942 561 3001 autem
576 2933 713 3001 scientia
726 2955 795 3000 non
819 2937 871 3000 est
886 2932 992 2999 adhuc
1012 2931 1098 2998 lecta
1121 2931 1275 3012 Parisios,
1292 2955 1352 3000 nec
1363 2954 1416 3007 uae
1426 2971 1494 3009 mon

295 3038 384 3126 apud
407 3037 553 3117 Iatinos,
568 3036 634 3102 nisi
659 3035 711 3102 bis
736 3035 877 3102 Oxoniae
907 3033 943 3098 in
958 3032 1104 3120 Anglia3
1127 3039 1161 3098 et
1184 3055 1251 3098 non
1274 3019 1503 3138 suntfflfflei

294 3146 362 3207 tres
384 3139 442 3227 qui
464 3135 588 3206 sciant⁷
609 3136 680 3224 ejus
702 3141 919 3225 potestatem:
943 3134 1032 3201 unde
1054 3134 1119 3213 ille,
1142 3135 1200 3222 qui
1214 3134 1292 3201 fecit
1317 3154 1510 3217 sesequainuu

295 3248 472 3323 auctorem,
495 3240 537 3307 de
568 3261 634 3327 quo
668 3239 818 3325 superius
840 3238 921 3317 dixi,
949 3238 1035 3304 nihil
1057 3237 1153 3304 novit
1182 3237 1223 3304 de
1252 3237 1350 3326 hujus
1362 3217 1509 3338 ffissm

296 3345 441 3412 scientiae
456 3348 629 3432 potestate,
645 3341 751 3408 sicut³
773 3345 911 3428 apparet
932 3341 969 3406 in
991 3340 1084 3406 libris
1102 3340 1177 3422 suis,
1194 3341 1272 3428 quia
1290 3363 1350 3408 nec
1362 3351 1424 3402 been
1436 3356 1496 3432 ngas

296 3448 374 3515 fecit
395 3447 517 3514 librum
541 3446 581 3512 de
603 3445 665 3511 hac
687 3444 834 3522 scientia,
850 3447 885 3510 et
914 3442 1041 3511 fecisset
1063 3441 1091 3508 si
1113 3443 1267 3523 scivisset,
1291 3417 1496 3537 necffiffig

294 3551 333 3617 in
366 3549 459 3615 libris
490 3547 565 3614 aliis
598 3545 726 3633 aliquid
757 3546 798 3612 de
820 3546 881 3612 hac
914 3545 1050 3611 scientia
1071 3545 1245 3624 recitavit;
1275 3567 1349 3611 cum
1362 3550 1461 3614 ⁰¹¹¹!ss

295 3658 409 3720 tamen
432 3655 562 3738 oportet
583 3648 671 3736 quod
693 3670 770 3714 usus
792 3647 889 3714 istius
923 3647 1069 3713 scientiae
1099 3646 1197 3712 cadat
1219 3645 1254 3710 in
1281 3615 1470 3710 σπι-θέω·

294 3755 394 3821 nibus
415 3753 498 3834 aliis,
521 3756 555 3819 et
577 3752 665 3840 quod
688 3773 746 3837 per
769 3750 839 3838 ejus
861 3749 1021 3814 virtutem
1052 3747 1198 3812 sciantur
1232 3747 1349 3812 omnia

293 3857 342 3923 Et
362 3857 437 3923 ideo
458 3878 526 3922 non
547 3859 656 3942 potest
687 3853 767 3920 scire
797 3848 942 3937 aliquid⁰
976 3848 1017 3913 de
1050 3847 1212 3934 sapientia
1245 3847 1349 3933 philo

294 3958 424 4046 sophim
470 3955 536 4024 Sed
550 3957 594 4036 hi,
618 3956 675 4042 qui
707 3955 816 4021 sciunt
845 3953 923 4032 hec,
947 3955 1026 4015 sunt
1048 3949 1153 4035 pauci,
1176 3948 1260 4015 sicut
1292 3949 1350 4035 qui

295 4059 570 4140 mathematicam,
608 4079 669 4123 nec
706 4056 871 4121 habentur
900 4053 971 4117 sinc
1010 4050 1137 4138 magnis
1175 4051 1349 4138 expensis3

328 4396 335 4425 ¹
352 4392 452 4462 κακὼ]
470 4396 553 4457 modo,
569 4395 601 4447 Τ.
825 4440 827 4442 .
879 4390 989 4442 'labne
1003 4391 1084 4458 nun]
1102 4406 1175 4442 suam
1191 4391 1288 4454 habeat,
1305 4391 1336 4443 Τ.

327 4472 488 4526 'Arr'atotcleu
504 4472 577 4541 daie]
599 4475 640 4524 De
659 4471 722 4527 Gen.
734 4487 759 4522 u.
774 4477 796 4523 l.
879 4473 889 4501 ⁸
901 4470 973 4536 quia]
993 4471 1118 4536 quonism,
1133 4470 1164 4521 Τ.

328 4551 515 4604 'Maenaliac
536 4560 561 4606 el
581 4552 675 4618 omnia]
700 4551 795 4603 mathc-
881 4549 994 4616 'xianq
1008 4549 1098 4611 sciunt,
1109 4548 1140 4599 T.
1148 4548 1180 4600 U.

293 4631 409 4685 maticam
425 4641 451 4686 et
466 4634 558 4695 omnia,
574 4634 605 4686 B.
625 4632 655 4684 1.
881 4629 976 4696 ἐξω]
994 4635 1030 4690 ut,
1043 4627 1079 4679 U.

327 4710 431 4781 aaa]
450 4713 549 4766 mr.
881 4704 1008 4774 mauu]
1027 4705 1214 4758 osana
