3586 5640
510 779 575 842 358
888 790 1015 841 noum
1037 789 1183 841 rancorrs

508 992 569 1034 sua
600 968 728 1034 utilitas
751 966 902 1033 consistit
936 967 972 1030 in
1006 972 1168 1052 quantum
1200 966 1374 1056 theologiae
1408 970 1565 1049 deservit,

507 1079 606 1159 atque
622 1094 682 1136 sua
697 1072 841 1157 dignitas
856 1076 937 1135 tunc
960 1070 1107 1135 eluceret.
1146 1071 1179 1133 N
1181 1094 1235 1135 arn
1257 1071 1342 1136 nihil
1357 1078 1409 1138 est
1423 1072 1563 1160 dignum

507 1176 542 1239 iu
567 1199 606 1239 ea
629 1175 692 1238 nisi
724 1172 812 1259 quod
834 1194 924 1237 sacra
954 1172 1018 1236 Dei
1040 1172 1203 1258 sapientia
1231 1175 1373 1261 recipere
1395 1176 1564 1262 dignatur.

508 1280 593 1347 Curn
609 1279 713 1365 igitur
728 1277 764 1339 irr
781 1275 951 1361 Scriptura
966 1280 1109 1360 ponatur
1124 1297 1183 1353 res,
1208 1298 1228 1340 a
1243 1278 1381 1342 summis
1403 1278 1562 1343 coelorrun

506 1404 610 1468 usquo
647 1380 691 1444 ad
728 1378 885 1443 terminos
924 1398 1043 1453 eorum,
1069 1383 1201 1463 oportet
1245 1379 1434 1467 theologum
1479 1381 1562 1445 scire

507 1486 626 1563 omnia,
658 1482 686 1547 si
716 1480 898 1567 intelligere
929 1480 1028 1544 debet
1059 1478 1264 1567 Scripturam
1298 1481 1362 1547 Dei
1395 1483 1540 1568 plenarie
1552 1506 1561 1561 ;

507 1593 542 1655 ct
564 1585 706 1651 rnaxirne
729 1582 882 1661 coelestia,
907 1582 985 1667 quia
1006 1582 1064 1647 illa
1090 1582 1254 1648 nobiliora
1276 1588 1362 1649 sunt.
1409 1584 1456 1650 Et
1482 1585 1562 1670 quia

507 1711 599 1756 sacra
621 1686 784 1772 sapientia
806 1684 946 1750 coelestis
969 1690 1029 1762 est,
1053 1689 1087 1749 et
1115 1685 1195 1769 quia
1218 1687 1422 1751 conversatio
1445 1692 1561 1752 nostra

506 1794 542 1857 in
576 1791 666 1857 coelis
698 1788 797 1853 debet
829 1808 906 1865 esse,
930 1792 964 1851 ct
996 1786 1073 1871 quia
1095 1789 1243 1873 proprius
1274 1788 1365 1854 locus
1390 1793 1504 1855 noster
1525 1796 1561 1855 et

506 1894 617 1982 patria
647 1893 684 1957 in
706 1890 796 1957 coelis
818 1892 1053 1975 praeparantur,
1078 1895 1113 1954 et
1143 1895 1279 1976 propter
1301 1890 1423 1956 multas
1445 1890 1559 1976 hujus-

508 1997 596 2063 nrodi
611 1994 753 2060 rationes
780 1997 813 2057 at
836 1992 1057 2069 auctoritates,
1081 1997 1121 2056 ut
1143 1998 1245 2079 tango
1267 1993 1304 2056 in
1325 2000 1419 2079 parte
1441 1998 1562 2079 quarta

507 2101 547 2165 de
563 2096 805 2183 comparatione
820 2094 1061 2160 mathematicae
1076 2094 1119 2158 ad
1142 2094 1350 2181 theologiam,
1365 2097 1484 2162 deinde
1498 2118 1561 2161 nos

507 2206 637 2289 oportet
659 2202 738 2265 scire
762 2203 910 2284 tempora
930 2202 1064 2282 propter
1078 2196 1231 2263 historiae
1246 2197 1355 2265 Sacrae
1370 2199 1560 2284 Scripturas.

508 2306 574 2371 Sed
597 2302 803 2389 philosophia
824 2302 894 2366 haec
912 2300 1079 2375 certificat,
1103 2300 1188 2365 sicut
1210 2302 1348 2366 ostendo
1377 2301 1413 2365 in
1443 2302 1559 2367 eadem

506 2412 606 2493 parte.
653 2404 765 2468 Tertio
788 2406 920 2489 oportet
942 2402 1031 2487 quod
1053 2403 1124 2467 loca
1145 2402 1262 2466 mundi
1291 2403 1448 2481 sciantur,
1479 2405 1560 2490 quia

505 2514 598 2574 totus
627 2529 739 2572 cursus
763 2504 941 2591 Scripturas
972 2505 1076 2570 currit
1108 2526 1206 2591 penca
1237 2504 1329 2584 haec;
1358 2512 1393 2571 et
1423 2512 1561 2593 propter

505 2611 576 2676 haec
599 2609 753 2695 descripsi
775 2607 845 2673 haec
874 2606 945 2671 loca
966 2606 1002 2671 in
1026 2606 1215 2686 universali,
1238 2613 1274 2673 ot
1300 2607 1335 2672 in
1356 2608 1559 2693 particulari,

505 2720 539 2779 ct
561 2711 753 2797 astrologice
776 2714 811 2775 et
833 2709 1036 2774 naturaliter.

548 2814 677 2880 Deinde
709 2817 838 2899 oportet
872 2812 961 2897 quod
994 2811 1141 2877 sciantur
1173 2813 1313 2893 numeri,
1336 2812 1406 2877 sine
1436 2814 1557 2900 quibua

503 2918 589 2984 nihil
610 2920 718 3003 potest
740 2915 815 2981 sciri
845 2912 897 2978 in¹
939 2914 1117 3001 Scriptura,
1149 2919 1190 2978 ut
1219 2914 1315 2982 docet
1344 2916 1556 3003 Augustinus

504 3021 619 3088 etalii
649 3018 775 3095 sancti,
789 3018 874 3082 sicut
907 3017 1014 3082 scribo
1048 3017 1083 3080 in
1106 3016 1163 3081 illa
1187 3022 1281 3103 parte
1314 3019 1354 3083 de
1387 3038 1554 3106 compara-

502 3125 594 3188 tione
642 3142 854 3186 numerorum
891 3120 934 3183 ad
974 3118 1199 3204 Scripturam:
1245 3124 1280 3186 et
1309 3126 1424 3208 postea
1466 3124 1556 3207 quod

502 3226 649 3289 sciantur
671 3223 848 3301 musicalia,
865 3222 949 3286 sicut
969 3223 1074 3286 sancti
1095 3223 1221 3300 docent,
1238 3223 1341 3288 etiam
1361 3226 1497 3290 ostendo
1518 3224 1555 3289 iu

502 3327 561 3390 illa
582 3330 685 3412 parte.
730 3326 857 3389 Deinde
880 3325 1123 3410 gaernetricalia
1145 3348 1242 3410 super
1268 3328 1379 3391 omnia
1400 3328 1489 3408 brec3
1514 3335 1555 3393 ut

501 3451 577 3492 arca
600 3428 633 3491 N
636 3450 693 3507 rrae,
715 3427 962 3492 hartmannum
985 3450 1059 3492 curn
1082 3428 1233 3493 omnibus
1256 3429 1455 3514 appenditiis
1476 3432 1554 3511 suia,

501 3536 536 3597 ct
559 3531 719 3617 ternplum
740 3528 924 3595 Salomonis
946 3536 981 3594 et
1004 3530 1154 3595 Ezechiel
1176 3531 1403 3597 describantur
1424 3533 1462 3598 in
1484 3556 1554 3600 cor-

501 3634 636 3721 poribus
658 3632 837 3697 secundum
872 3683 879 3697 .
912 3682 920 3696 .
947 3683 954 3697 .
978 3632 1043 3696 aia⁹
1065 3633 1253 3718 corporibus
1269 3634 1459 3722 Scripturas.
1507 3638 1553 3704 Et

501 3737 599 3802 aliter
620 3735 819 3821 impossibile
842 3740 893 3799 est
916 3737 1004 3819 quod
1026 3756 1138 3800 sensus
1160 3736 1314 3801 litteralis
1336 3739 1467 3819 sciatur,
1491 3763 1552 3806 nec

500 3860 558 3925 per
573 3859 771 3923 consequens
786 3836 972 3923 spiritualis.
1012 3837 1100 3901 Etad
1116 3838 1424 3922 hoclaboraverunt
1445 3844 1551 3908 sancti

499 3946 534 4007 et
572 3941 702 4026 antiqui
739 3940 909 4025 sapientes.
960 3940 1006 4003 Et
1043 3940 1114 4004 vidi
1152 3942 1192 4007 da
1229 3942 1290 4023 his,
1320 3948 1354 4008 et
1391 3943 1445 4010 hic
1482 3950 1552 4012 stat

499 4044 694 4128 imaginatio
727 4042 913 4128 Scripturas,
937 4046 977 4106 ut
1006 4043 1146 4107 sciamus
1168 4048 1264 4109 vetus
1294 4049 1329 4110 et
1358 4068 1491 4127 novum,
1515 4054 1551 4115 et

498 4146 671 4210 videamus
703 4146 746 4209 ad
785 4146 913 4210 oculum
944 4144 1047 4210 ritum
1089 4146 1201 4232 populi
1233 4147 1291 4232 qui
1332 4155 1410 4215 sunt
1437 4152 1550 4239 'figura

496 4248 584 4311 novi.
630 4248 800 4312 Postremo
823 4248 944 4312 debent
966 4248 1042 4313 sciri
1065 4270 1176 4313 ornnes
1197 4254 1327 4316 naturae
1349 4258 1384 4317 ct
1406 4256 1551 4341 proprie-

497 4355 584 4414 tates
618 4371 728 4415 rerum
766 4349 964 4427 inferiorum,
1004 4356 1044 4417 ut
1081 4351 1323 4433 elementorum,
1362 4355 1548 4437 humorum,
