3586 5640
306 812 374 912 aa]
699 829 786 880 orus
807 829 967 881 resnou
1292 813 1357 884 21⁷

304 1008 538 1091 praecessemnt
575 1008 653 1070 ante
690 1005 819 1090 Azyma
863 1009 898 1070 et
931 1004 1121 1070 occisionem
1159 1004 1246 1091 agni,
1281 1005 1360 1090 quia

305 1105 549 1192 quartadecima
572 1105 625 1172 die
648 1106 769 1172 occisus
792 1107 879 1187 fuit;
917 1106 1037 1194 quibus
1060 1106 1215 1172 tredecim
1239 1107 1266 1170 si
1299 1106 1357 1171 ad-

305 1208 422 1274 damus
442 1208 672 1296 septendecim,
688 1209 776 1274 fiunt
797 1209 945 1296 triginta,
969 1214 1004 1274 et
1026 1209 1166 1295 triginta
1187 1213 1359 1294 computat

306 1311 342 1375 in
364 1311 505 1377 secundo
521 1334 639 1377 mense
685 1310 773 1376 Sunt
788 1311 892 1397 igitur
907 1310 1127 1398 quadraginta
1147 1315 1273 1398 septem
1289 1309 1359 1375 dies

303 1414 348 1478 de
371 1414 470 1480 tertio
493 1435 626 1494 mense;
665 1414 753 1480 unde
790 1414 836 1479 sio
866 1413 992 1501 colligit
1023 1413 1263 1500 quinquaginta
1291 1413 1361 1479 dies

304 1538 409 1603 usque
446 1517 490 1582 ed
526 1517 631 1605 legem
666 1517 787 1582 datam.
844 1516 911 1583 Sed
940 1516 1052 1583 Beda¹
1085 1517 1175 1595 dicit,
1199 1515 1287 1602 quod
1324 1515 1360 1580 in

305 1642 435 1685 summa
461 1619 621 1706 praedicta
651 1620 815 1707 temporis,
847 1640 914 1684 non
944 1625 1081 1706 possunt
1114 1619 1178 1683 nisi
1220 1617 1359 1704 quadra·

304 1723 400 1809 ginta
414 1743 533 1787 novem
557 1723 625 1788 ‹lies
647 1721 809 1800 inveniri;
831 1721 986 1807 quoniam
1009 1722 1075 1788 duo
1090 1743 1216 1787 menses
1230 1722 1360 1786 lunares

307 1846 374 1890 non
411 1829 528 1890 tenent
558 1825 622 1889 nisi
652 1824 894 1910 quinquaginta
924 1846 1042 1890 novem
1076 1824 1152 1890 dies
1210 1824 1256 1889 Et
1286 1821 1360 1889 ideo

306 1927 334 1991 si
365 1926 585 2015 septendecim
633 1926 835 2013 accipiantur
865 1949 887 1991 a
919 1928 1024 2014 primo
1058 1949 1177 2006 mense,
1209 1948 1277 1992 non
1308 1949 1360 1992 ac·

306 2029 473 2116 cipiantur
510 2029 574 2094 nisi
618 2028 740 2115 viginti
785 2049 904 2094 novem
942 2030 983 2095 de
1027 2029 1191 2109 secimdo;
1235 2032 1296 2093 aut
1332 2028 1360 2094 si

305 2132 448 2219 triginta
479 2131 521 2198 de
554 2130 697 2198 secundo
730 2131 942 2218 accipiantur,
974 2137 1054 2197 tunc
1088 2131 1128 2197 de
1159 2131 1265 2219 primo
1292 2152 1360 2196 non

306 2235 371 2299 nisi
393 2235 555 2301 sexdecim
578 2235 681 2322 accipi
705 2233 848 2314 debent;
881 2234 980 2299 etad
1004 2233 1063 2300 hos
1085 2240 1151 2300 tres
1174 2234 1270 2321 primi
1293 2235 1361 2298 tres

307 2337 348 2402 do
385 2337 485 2402 tertio
519 2360 629 2404 mense
663 2335 770 2402 additi
801 2341 888 2417 sunt,
912 2337 1001 2402 utsi
1042 2337 1077 2402 in
1108 2337 1259 2402 universo
1293 2336 1362 2402 sint

306 2439 528 2527 quadraginta
565 2462 684 2506 novem
722 2439 799 2506 dies
856 2438 936 2504 Non
969 2440 1071 2526 igitur
1104 2444 1215 2527 potest
1246 2443 1360 2505 textus

306 2543 426 2629 exponi
459 2543 637 2608 secundum
674 2543 893 2610 intentionem
917 2542 1093 2630 Magistri;
1131 2543 1189 2608 sed
1226 2546 1356 2629 oportet

307 2644 397 2710 aliud
420 2645 535 2724 dicere,
558 2645 643 2709 sicut
666 2645 808 2731 expromi
831 2646 866 2709 in
891 2644 997 2732 Opere
1021 2644 1149 2733 Majori.

352 2746 403 2812 De
447 2747 626 2812 neomeniis
664 2768 741 2811 vero
786 2753 820 2812 et
856 2747 1007 2812 kalendis
1044 2747 1185 2812 multum
1229 2752 1280 2812 est
1323 2747 1499 2811 inTheneo·

308 2848 486 2937 Scriptura,
510 2854 545 2914 et
568 2848 683 2914 dehis
713 2848 928 2914 consideratio
950 2848 1034 2913 bene
1057 2848 1210 2912 notanda
1271 2820 1462 2913 Neo-³¹²⁰*

307 2952 424 3033 menia,
447 2973 502 3018 seu
526 2951 735 3016 novilunium
758 2951 795 3039 (a
817 2949 882 3028 νέον,
907 2951 995 3036 quod
1018 2955 1069 3014 est
1083 2972 1215 3030 novum,
1231 2956 1265 3015 et
1280 2949 1361 3031 μήνη,

308 3052 395 3141 quod
433 3059 484 3120 est
520 3053 626 3142 luna),
665 3075 732 3119 non
778 3057 849 3117 erat
886 3053 1006 3117 festum
1045 3050 1174 3133 feriale3
1220 3057 1255 3117 et
1287 3050 1362 3118 ideo

308 3177 375 3223 non
392 3158 527 3246 ponitur
550 3156 689 3222 Levitici
712 3155 866 3220 vicesimo
882 3156 981 3221 tertio
1004 3177 1078 3220 cum
1101 3155 1174 3221 aliis
1196 3154 1363 3221 ferialibus

308 3258 433 3326 diebus.
481 3259 547 3326 Sed
564 3259 643 3346 quia
665 3263 737 3326 erat
752 3259 873 3326 festum
889 3259 1118 3325 sacrificiorum
1134 3264 1168 3325 et
1183 3258 1361 3347 epularum,

308 3360 382 3427 ideo
413 3362 548 3449 ponitur
572 3362 660 3428 inter
693 3361 759 3442 illa,
786 3362 822 3426 in
853 3361 972 3449 quibus
1006 3362 1162 3429 sacrificia
1184 3363 1361 3428 offereban-

309 3470 372 3542 tur,
397 3464 620 3530 Numerorum
647 3464 801 3531 vicesimo
828 3472 953 3532 octavo.
1015 3466 1100 3547 Quia
1125 3466 1228 3553 igitur
1251 3464 1362 3532 Judaei

308 3587 435 3633 menses
464 3566 701 3654 computabant
731 3568 909 3634 secundum
939 3570 1060 3647 lunam,
1088 3569 1208 3635 idcirco
1238 3569 1273 3633 in
1303 3567 1362 3632 ka-

307 3667 421 3750 lendis,
444 3671 567 3736 scilioet
589 3670 625 3735 in
639 3671 809 3736 novilunio
831 3694 890 3738 seu
904 3673 1090 3753 neomeniis,
1107 3671 1262 3737 sacrificia
1285 3668 1364 3734 offe-

308 3773 435 3853 rebant,
459 3779 495 3839 et
522 3774 634 3861 epulas
664 3771 837 3852 faciebant,
865 3775 950 3839 sicut
980 3779 1074 3861 patet
1096 3773 1201 3860 primo
1224 3772 1361 3858 Regum,

309 3875 464 3941 vicesimo
488 3875 595 3964 [18.]:
635 3882 653 3911 ‘⁸
664 3875 745 3941 Cras
774 3874 926 3943 kalendae
957 3883 1053 3942 erunt
1091 3882 1125 3941 et
1162 3873 1364 3960 requireris''

311 3976 400 4043 Nam
416 4000 529 4044 omnes
544 3999 670 4044 menses
686 3978 722 4042 in
736 3975 855 4065 impari
870 4000 1015 4056 numero,
1031 3984 1071 4044 ut
1085 3977 1219 4066 primus,
1234 3976 1362 4057 tertius,

309 4085 344 4146 et
366 4081 485 4161 caeteri,
501 4081 626 4148 habent
640 4103 744 4147 unum
767 4078 855 4147 diem
877 4081 1056 4168 epularum,
1073 4080 1195 4147 scilicet
1210 4079 1362 4168 primum,

310 4184 366 4270 qui
389 4184 505 4271 incipit
531 4184 566 4248 in
589 4205 703 4250 occasu
732 4184 817 4266 solis,
841 4188 876 4250 et
901 4183 1126 4270 duratusque
1152 4183 1195 4248 ad
1222 4182 1363 4248 alterum

310 4309 466 4354 occasum.
513 4286 642 4352 Menses
675 4307 752 4353 vero
785 4285 820 4351 in
850 4287 922 4375 pari
953 4308 1098 4367 numero,
1122 4291 1161 4374 ut
1192 4286 1362 4367 secundus,

310 4395 456 4476 quartus,
481 4395 516 4455 et
538 4387 655 4467 ueteri,
678 4389 805 4456 habent
826 4389 908 4455 duos
931 4390 1001 4457 dies
1023 4413 1082 4479 pro
1105 4389 1215 4479 epulis
1273 4389 1361 4455 Nam

307 4489 436 4558 lunatio
458 4491 555 4580 primi
579 4493 698 4558 mensis
718 4514 785 4560 non
807 4491 909 4558 habet
931 4494 994 4559 nisi
1010 4493 1131 4581 viginti
1152 4515 1271 4560 novem
1293 4493 1363 4559 dies

748 4724 853 4794 mea]
867 4724 926 4778 rue.
