3586 5640
539 752 606 828 478
912 766 1043 820 nooaar
1065 762 1213 821 sacoma
1503 752 1598 844 [osa

538 947 725 1033 exemplam
754 945 884 1013 inducit
908 946 1050 1033 primam
1079 946 1123 1012 ad
1152 942 1453 1013 Thessalonioenees
1481 948 1597 1027 tertio,

539 1058 558 1088 “
582 1049 751 1116 Consolati
787 1068 908 1129 snmus,
947 1049 1074 1129 fratrea
1112 1049 1149 1114 iu
1186 1048 1282 1115 vobis
1294 1048 1328 1130 ;''
1365 1049 1504 1116 dubiam
1543 1057 1599 1119 eet

538 1159 652 1220 utrum
686 1175 705 1218 o
738 1153 857 1218 fratres
893 1153 946 1218 vel
982 1151 1041 1218 hos
1071 1152 1197 1231 iratres,
1228 1157 1267 1217 ut
1297 1152 1346 1218 ait
1376 1152 1596 1240 Augustanus

540 1257 586 1321 Et
616 1256 716 1321 solvit
746 1256 856 1320 diosna
890 1255 1004 1320 Greeoa
1036 1255 1150 1342 lingum
1181 1255 1241 1320 hos
1271 1277 1363 1320 easue
1395 1278 1488 1343 pares
1526 1279 1597 1324 non

539 1359 649 1437 habet,
670 1363 704 1423 et
726 1356 801 1423 ideo
816 1356 873 1421 illa
895 1357 1042 1444 inspecta
1057 1357 1255 1423 enunciatur
1269 1357 1448 1437 vocativus
1471 1358 1499 1425 0
1515 1359 1597 1445 sra-

540 1467 613 1527 tres.
671 1460 737 1526 Sed
767 1460 810 1524 ed
833 1459 990 1547 Ephesios
1020 1461 1161 1526 seeundo
1185 1461 1281 1548 [10.],
1303 1461 1427 1548 Ipsius
1448 1460 1598 1548 sactum

538 1584 691 1642 sumam
721 1562 927 1648 Augustinus
949 1562 986 1626 in
1008 1563 1103 1629 litera
1134 1582 1203 1630 euae
1233 1564 1459 1631 translationis
1481 1565 1597 1646 habet,

540 1664 661 1752 Ipsius
684 1664 895 1751 fioewntwm
927 1685 1056 1731 mona.
1103 1666 1150 1731 Et
1179 1665 1314 1732 Graeous
1346 1667 1448 1732 habet
1469 1666 1598 1754 Ipsius

536 1775 658 1853 poberto
695 1787 825 1833 eomas.
879 1767 925 1832 Et
958 1769 1031 1834 ideo
1068 1790 1136 1834 non
1172 1774 1282 1856 potest
1320 1790 1388 1835 ease
1425 1769 1598 1837 ablativus

540 1892 632 1936 ossus
664 1871 720 1935 sed
751 1870 987 1935 nominativus.
1038 1871 1104 1937 Sed
1133 1871 1204 1958 ipse
1234 1871 1402 1958 ignorarit
1433 1871 1598 1939 Gnaeum.

542 1971 702 2038 Similiter
734 1973 778 2037 ad
816 1974 980 2039 Romanoa
1018 1974 1060 2039 vi.
1101 1974 1194 2060 [23.],
1234 1979 1253 2008 “
1268 1972 1384 2039 Gratia
1420 1973 1485 2040 Dei
1521 1976 1599 2041 rita

541 2075 693 2142 reterna'’
743 2075 860 2141 Gratia
896 2077 1075 2142 seeundum
1114 2075 1270 2143 Graeoum
1307 2081 1358 2141 est
1394 2076 1600 2144 nominativi

542 2200 643 2259 ossus,
668 2184 702 2244 et
724 2200 791 2243 non
817 2184 1019 2264 potestesse
1049 2179 1198 2259 ablativi,
1220 2179 1297 2244 licet
1319 2178 1520 2265 expositores
1542 2179 1600 2246 hio

543 2278 701 2346 oberrant
748 2281 803 2345 Ad
828 2281 1033 2347 Oolosaeni
1065 2280 1158 2368 [24.],
1189 2289 1206 2315 “
1223 2280 1368 2368 Corpore
1390 2280 1468 2366 ejus,
1506 2283 1600 2368 qnod

543 2390 561 2417 “
584 2387 634 2446 eet
663 2381 804 2460 eeclesia,
831 2383 923 2467 eujus
953 2383 1062 2448 faetus
1092 2404 1166 2448 eum
1198 2405 1259 2470 ego
1288 2381 1471 2448 minister.”
1516 2383 1599 2451 Non

541 2484 681 2548 refertur
711 2486 804 2568 eujus
839 2484 883 2548 ad
913 2507 1036 2571 eorpus,
1069 2508 1129 2551 neo
1166 2485 1209 2550 ad
1240 2485 1467 2572 Evangelium,
1506 2487 1598 2572 qnod

541 2585 713 2674 praeoeesit,
737 2586 794 2651 aed
828 2585 871 2650 ad
905 2586 1083 2668 eeclesiam,
1119 2587 1208 2673 quod
1241 2587 1277 2652 in
1301 2586 1421 2653 Latino
1456 2585 1600 2655 disoerni

541 2711 609 2756 non
630 2695 748 2775 potest,
772 2690 850 2774 quia
872 2688 972 2774 cujas
995 2696 1045 2754 eet
1076 2691 1183 2756 omnis
1212 2691 1359 2778 generie3
1387 2690 1444 2756 sed
1469 2712 1537 2756 non
1559 2692 1598 2756 in

543 2793 664 2870 Grseoo,
688 2793 766 2878 quia
788 2793 982 2880 pronomina
1003 2793 1270 2858 diversificantur
1294 2810 1353 2879 par
1374 2812 1502 2880 genera
1550 2793 1599 2860 Et

458 2965 460 2968 Α
544 2896 579 2961 in
605 2897 743 2984 epistola
765 2896 863 2962 Judae
889 2895 982 2982 [ls.]‚
1016 2903 1034 2930 “
1049 2895 1169 2961 fluctus
1192 2895 1253 2960 seri
1278 2895 1417 2960 maris:”
1439 2895 1514 2982 seri
1546 2902 1599 2962 est

544 3001 769 3065 nominativus
791 3021 891 3076 ossus,
907 3019 974 3063 non
996 2999 1172 3085 genitivus,
1190 2996 1278 3083 quod
1300 3003 1393 3084 patet
1414 2999 1450 3061 in
1472 2998 1598 3078 Groeeo,

545 3104 602 3167 sed
624 3125 692 3168 non
714 3106 822 3188 potest
844 3101 919 3167 seiri
938 3122 996 3188 per
1012 3098 1176 3166 Latinum.
1226 3099 1272 3165 Et
1286 3099 1427 3179 secundo
1444 3099 1600 3168 Matthaei

546 3205 617 3289 [2.]‚
644 3212 662 3240 “
678 3204 837 3269 Venimus
874 3204 1009 3268 adorare
1046 3202 1160 3282 eum;''
1196 3202 1402 3288 praeteritum
1432 3207 1483 3267 est
1512 3203 1602 3270 sicut

545 3312 637 3391 patet
674 3307 710 3369 in
748 3306 871 3370 Graeco.
933 3306 977 3370 Et
1015 3305 1234 3370 Eoolesiastioi
1276 3305 1443 3391 trigesimo
1481 3311 1600 3373 octavo

547 3406 642 3495 [25.],
676 3408 876 3493 “Sapientia
904 3408 1018 3472 soribae
1049 3409 1085 3471 in
1114 3413 1260 3493 tompore
1289 3406 1493 3472 vacuitatis”
1555 3409 1601 3474 In

545 3509 657 3575 Graeoo
678 3514 779 3596 patet,
797 3511 885 3596 quod
908 3510 1024 3576 embra
1045 3517 1096 3574 est
1117 3511 1258 3597 genitivi
1281 3531 1382 3587 casus,
1399 3517 1433 3574 ot
1454 3530 1520 3575 non
1548 3517 1602 3577 eet

545 3612 691 3679 verbum.
753 3611 819 3678 Sed
856 3613 889 3676 in
927 3613 1048 3678 Latino
1085 3632 1151 3677 non
1190 3617 1299 3699 potest
1336 3612 1483 3690 discerni,
1523 3613 1601 3680 ideo

546 3723 675 3803 ponunt
697 3716 890 3802 sapientiam
913 3716 951 3780 in
972 3716 1157 3780 aecusativo
1180 3721 1393 3781 casuoontra
1414 3714 1600 3784 veritatem.

593 3819 737 3899 Quartus
760 3838 852 3883 ossus
874 3824 924 3882 ast
954 3817 1086 3902 quando
1117 3838 1185 3881 una
1208 3839 1275 3882 vox
1306 3823 1415 3903 potest
1443 3839 1602 3904 apparere

413 3919 426 3951 ¹
469 3942 474 3954 ·
547 3923 583 3986 in
615 3922 732 3987 Latino
762 3943 830 3985 nnn
865 3920 974 3996 dictio,
1007 3921 1061 3983 vel
1092 3919 1209 4006 plures,
1245 3924 1285 3985 ut
1318 3919 1474 4006 alleluya.
1533 3921 1601 3987 sed

548 4031 675 4091 constat
705 4023 792 4109 quod
823 4028 902 4087 sunt
928 4023 1002 4086 dure
1025 4023 1193 4102 dictiones,
1217 4024 1294 4108 quia
1316 4021 1422 4088 allelu
1444 4028 1494 4087 eet
1524 4023 1601 4090 loa

548 4128 633 4204 doto,
661 4133 694 4193 et
716 4149 761 4214 yo
792 4133 843 4191 eet
872 4127 971 4205 Deus,
1002 4130 1041 4189 ut
1073 4126 1155 4191 dicit
1178 4125 1419 4214 Hieronymus¹
1451 4127 1487 4189 in
1520 4127 1599 4213 Epi·

547 4232 639 4308 stola,
664 4231 716 4296 Do
748 4231 858 4295 deoem
881 4228 1069 4294 nominibus
1094 4227 1165 4307 Dei,
1194 4234 1229 4294 et
1258 4234 1352 4316 petet
1381 4230 1417 4293 in
1445 4228 1599 4309 Hebrae0,
