3586 5640
560 802 626 870 492
936 815 1065 867 aoonar
1087 813 1235 865 ascorrs
1527 802 1621 892 [cnr.

560 997 579 1031 “
601 987 863 1078 praecipiuntur?
908 989 975 1056 Sed
997 990 1066 1055 baec
1088 989 1157 1054 tria
1187 989 1272 1055 festa
1301 988 1337 1055 in
1359 989 1533 1058 lunatione
1556 991 1619 1060 Oo-

558 1091 664 1158 tobris
694 1092 753 1178 qui
787 1091 905 1178 incipit
934 1092 969 1156 in
994 1090 1181 1178 Septembri
1215 1091 1311 1173 fiunt,
1335 1097 1376 1158 ut
1398 1093 1534 1181 planum
1556 1100 1616 1161 est

559 1194 669 1282 Igitur
699 1194 893 1282 September
922 1199 973 1261 est
1002 1194 1078 1259 finis
1100 1193 1190 1259 anni.
1237 1193 1445 1283 Quapropter
1475 1196 1620 1265 October

558 1301 610 1362 est
630 1296 835 1384 principium.

604 1399 651 1465 Et
671 1399 732 1465 hoc
751 1398 911 1486 probatur
931 1419 989 1485 per
1003 1402 1136 1464 textum
1155 1398 1271 1464 multis
1286 1398 1401 1466 modia
1424 1399 1514 1466 Nam
1528 1401 1616 1468 viee-

559 1501 642 1566 simo
656 1501 758 1568 tertio
773 1500 882 1566 Exodi
897 1500 1021 1565 dicitur
1044 1500 1151 1587 [16.]:
1176 1508 1195 1536 “
1207 1499 1461 1567 solemnitatem
1484 1524 1617 1589 quoque

559 1611 578 1639 “
600 1604 636 1668 in
651 1603 745 1670 exitu
759 1603 840 1668 anni
862 1623 964 1688 quum
987 1601 1235 1689 congregaveris
1257 1601 1367 1690 fruges
1381 1607 1457 1668 tuas
1480 1603 1522 1669 de
1536 1627 1617 1691 agno

559 1713 577 1741 ‘⁴
599 1706 704 1772 facies
751 1705 798 1771 Et
831 1705 994 1770 tricesimo
1028 1709 1147 1790 quarto
1180 1704 1341 1784 similiter,
1371 1705 1616 1773 solemnitatem

557 1806 655 1874 facies
670 1829 772 1894 quum
794 1806 953 1872 redeunte
976 1805 1056 1871 anni
1086 1810 1236 1892 tempora
1258 1811 1376 1873 cuncta
1398 1807 1616 1875 conduntur.’'

558 1908 604 1974 Et
625 1909 774 1996 loquitur
804 1909 845 1974 de
879 1906 1094 1995 scenophegia
1116 1906 1186 1972 sive
1212 1906 1296 1973 festo
1319 1909 1614 1977 tabernaculorum

558 2012 605 2078 Et
619 2010 791 2079 Nehemiae
814 2009 921 2098 primo
936 2009 1080 2096 capitulo
1098 2009 1160 2096 [1.]
1173 2034 1181 2074 :
1203 2015 1220 2044 “
1232 2009 1373 2075 Factum
1387 2016 1438 2075 est
1452 2011 1489 2075 in
1504 2033 1616 2079 mense

559 2121 577 2150 “
601 2113 732 2196 Ocalea,
764 2135 850 2178 anno
884 2110 1058 2179 secundo.”
1102 2109 1148 2177 Et
1181 2112 1323 2176 secundo
1356 2112 1501 2199 capitulo
1527 2113 1612 2202 [l.]:

557 2223 577 2252 “
600 2215 741 2282 Factum
756 2217 858 2282 estin
872 2236 983 2280 mense
993 2211 1120 2293 Nicea,
1136 2234 1224 2279 anno
1240 2211 1397 2279 vicesimo
1408 2213 1615 2284 Artaccraia

558 2326 577 2354 “
598 2317 713 2405 regis”
757 2317 864 2383 Nisan
886 2317 974 2382 enim
997 2314 1130 2402 Aprilis,
1154 2321 1188 2380 et
1211 2313 1328 2381 Oasleu
1350 2320 1401 2381 est
1422 2315 1614 2400 December,

556 2420 734 2485 secundum
757 2417 923 2484 Hebroeos
969 2417 1008 2483 Si
1029 2417 1133 2504 igitur
1148 2415 1255 2481 Nisan
1277 2421 1362 2483 esset
1383 2418 1508 2505 primus
1522 2442 1615 2487 men·

556 2521 601 2586 sis
622 2521 701 2586 anni
716 2521 894 2586 secundum
917 2520 1033 2586 seriem
1050 2519 1235 2584 naturalem
1250 2521 1463 2607 computandi
1476 2543 1613 2605 annum,

555 2642 623 2688 non
656 2621 819 2688 diceretur
841 2643 928 2686 anno
950 2620 1113 2699 vicesimo,
1146 2621 1203 2686 sed
1224 2621 1304 2686 anni
1326 2620 1480 2688 vicesimi
1501 2625 1613 2711 primi,

554 2745 629 2790 cum
652 2723 743 2811 prius
768 2722 989 2789 nominaverit
1011 2720 1130 2788 Oasleu
1152 2722 1233 2787 anni
1255 2722 1409 2805 vicesimi,
1431 2728 1468 2791 et
1495 2731 1613 2812 postea

555 2825 704 2892 nominet
726 2825 842 2905 Nisan,
874 2845 942 2891 non
963 2824 1100 2890 alterius
1129 2824 1186 2890 sed
1209 2823 1355 2910 ejusdem
1377 2825 1465 2892 anni.
1521 2826 1611 2894 Item

502 2939 504 2942 ’
554 2927 616 2994 hoc
638 2927 797 3015 probatur
825 2949 884 3014 per
904 2927 1018 3014 legem.
1063 2924 1152 2991 Nam
1183 2947 1258 2992 cum
1289 2931 1325 2992 et
1347 2925 1534 3014 Septembri
1556 2930 1610 2995 vel

554 3029 691 3096 Octobri
728 3029 816 3094 sexti
853 3029 933 3094 anni
966 3026 1191 3108 seminaretur,
1223 3032 1304 3094 tunc
1340 3028 1370 3094 si
1406 3051 1513 3096 annus
1549 3052 1610 3097 na-

553 3132 707 3198 turaliter
754 3129 873 3218 incipit
921 3129 963 3195 ab
1011 3129 1122 3216 Aprili
1162 3128 1397 3196 terminabitur
1433 3130 1491 3212 ibi,
1530 3154 1608 3220 ergo

551 3235 589 3299 in
622 3239 718 3300 sexto
752 3253 840 3297 anno
874 3253 943 3298 non
972 3236 1125 3310 metetur,
1155 3253 1216 3296 nec
1249 3231 1445 3319 colligentur
1477 3255 1606 3314 messes,

551 3357 611 3400 nec
644 3339 827 3421 potuerunt
860 3333 1002 3399 ulterius
1032 3333 1151 3420 colligi,
1182 3333 1261 3419 quia
1290 3338 1370 3399 tunc
1400 3335 1435 3398 in
1465 3336 1607 3422 septimo

550 3458 637 3502 anno
660 3435 899 3523 colligerentur,
924 3434 1154 3521 quodfalsum
1177 3440 1249 3515 est;
1283 3436 1362 3521 quia
1394 3435 1518 3502 ferialis
1547 3461 1608 3525 per

549 3539 664 3626 legem,
690 3543 725 3604 et
748 3538 798 3602 ita
823 3536 980 3624 peribunt
1004 3558 1116 3603 omnes
1138 3536 1264 3603 fructus
1287 3538 1375 3604 sexti
1404 3540 1494 3620 anni,
1515 3542 1606 3626 quod

550 3647 602 3708 est
631 3641 836 3722 absurdum;
871 3639 1026 3726 quoniam
1057 3638 1184 3705 fructus
1210 3640 1338 3706 collecti
1363 3641 1400 3705 in
1425 3642 1492 3708 fine
1516 3645 1605 3709 sexti

548 3744 629 3809 anni
667 3742 875 3809 sufficiebant
923 3763 982 3829 pro
1020 3763 1083 3806 usu
1120 3742 1253 3828 septimi
1290 3743 1370 3807 anni
1413 3748 1447 3809 et
1486 3746 1604 3812 octavi.

548 3845 674 3912 Contra
696 3866 774 3912 vero
797 3845 857 3909 has
880 3843 1072 3930 magnificas
1094 3843 1237 3909 rationes
1259 3844 1344 3909 nihil
1358 3849 1410 3910 est
1423 3848 1603 3913 secundum

547 3948 723 4014 veritatem
746 3947 834 4033 quod
857 3946 969 4011 induci
991 3945 1103 4033 possit.
1150 3945 1216 4012 Sed
1240 3947 1419 4012 secundum
1444 3969 1604 4036 apparen-

546 4050 632 4116 tiam
653 4072 756 4116 unum
779 4049 870 4114 valet
892 4047 990 4133 objici
1013 4048 1102 4133 quod
1125 4047 1248 4114 dicitur
1268 4048 1306 4113 in
1329 4048 1456 4130 Exodo,
1485 4053 1602 4136 “quod

548 4161 565 4188 “
587 4153 641 4218 hie
663 4152 784 4219 mensis
806 4151 851 4217 sit
879 4150 974 4217 vobis
1004 4149 1129 4237 primns
1158 4150 1196 4214 in
1226 4150 1394 4217 mensibus
1426 4151 1537 4231 anni‚'’
1567 4160 1602 4220 et

545 4254 691 4338 loquitur
723 4255 764 4320 de
787 4253 906 4340 Aprili,
932 4252 1035 4338 igitur
1070 4251 1180 4317 Maius
1205 4257 1256 4317 est
1280 4253 1449 4332 secundus,
1486 4260 1521 4320 et
1550 4255 1602 4322 ita

544 4355 709 4420 diluvium
731 4355 797 4421 fuit
818 4356 855 4420 in
871 4354 969 4421 Maio.
1017 4354 1084 4420 Sed
1107 4375 1150 4419 ex
1172 4354 1384 4420 distinctione
1407 4356 1602 4441 quemfecit

545 4457 710 4543 Josephus
747 4461 842 4544 patet
878 4457 964 4522 ratio
1007 4456 1111 4522 istius.
1179 4455 1270 4521 Nam
1311 4457 1437 4543 primus
1478 4460 1601 4526 mensis

548 4558 670 4624 dicitur
704 4580 770 4623 uno
802 4559 910 4639 mode,
942 4559 1121 4625 secundum
1153 4557 1270 4623 seriem
1303 4559 1487 4625 naturalem
1516 4566 1601 4627 tem·

546 4660 642 4749 poris,
665 4666 700 4727 et
722 4666 883 4747 quantum
916 4661 960 4727 ad
993 4663 1181 4728 contractus
1202 4661 1431 4728 venditionum
1453 4668 1488 4730 et
1509 4685 1599 4752 emp
