3586 5640
454 753 497 818 62
834 766 963 818 nonam
986 760 1131 819 asconis
1414 753 1520 839 [osu

451 959 525 1022 quae
554 941 734 1006 necessarie
762 946 842 1008 sunt
870 942 943 1022 sibi,
974 910 1125 1029 quamvis
1149 941 1284 1028 juvenis
1309 941 1354 1007 sit
1379 941 1501 1027 viginti

451 1061 613 1106 annorum
635 1048 695 1109 aut
715 1043 838 1130 viginti
860 1049 894 1110 et
916 1045 1015 1110 unius
1037 1045 1081 1110 ad
1102 1044 1183 1130 plus
1239 1042 1329 1109 Nam
1358 1064 1427 1108 non
1451 1065 1500 1108 re-

449 1143 574 1209 mansit
594 1165 681 1211 nnus
701 1144 852 1223 Parisiua
875 1145 933 1232 qui
954 1151 1086 1212 tantum
1106 1147 1202 1212 novit
1224 1146 1264 1211 de
1286 1144 1500 1231 philosophiae

451 1245 621 1326 radicibus,
645 1247 795 1332 quamvis
820 1269 937 1328 ramos,
961 1253 995 1314 et
1019 1248 1122 1326 flores,
1146 1254 1181 1315 et
1205 1248 1331 1313 fructus
1352 1247 1500 1312 nondum
1631 1258 1633 1263 ’

451 1348 644 1432 produxerit
666 1353 801 1436 propter
822 1354 956 1417 aetatem
975 1349 1181 1437 juvenilem3
1204 1354 1239 1416 et
1258 1350 1337 1436 quia
1359 1370 1428 1414 non
1450 1352 1501 1413 est

451 1454 605 1535 expertus
628 1450 665 1514 in
688 1450 840 1518 docendo.
893 1451 960 1518 Sed
983 1453 1083 1518 habet
1108 1452 1198 1519 unde
1227 1473 1340 1518 omnes
1365 1445 1501 1516 Latinos

450 1551 669 1632 transcendat,
692 1553 721 1617 si
743 1552 838 1619 vivat
859 1574 963 1640 usque
988 1554 1032 1619 ad
1057 1559 1265 1634 senectutem,
1290 1560 1325 1621 et
1346 1554 1501 1640 procedat

450 1653 629 1719 secundum
650 1653 866 1721 fundamenta
887 1676 961 1740 quae
983 1654 1090 1723 habet

284 1764 428 1846 napuriry
496 1756 589 1823 Sicut
625 1777 704 1822 vero
741 1762 861 1823 vestrae
897 1758 1069 1845 sapientia
1105 1757 1371 1845 magnitudinem
1408 1758 1501 1823 decet

282 1914 365 1953 001100.

283 1834 418 1884 ¹¹¹¹de
450 1856 612 1923 mediator
647 1859 790 1945 prudens
826 1864 862 1924 et
894 1858 978 1925 bene
1015 1860 1204 1939 instructus,
1238 1860 1285 1925 aio
1316 1865 1351 1925 et
1381 1864 1500 1924 vestrae

450 1956 636 2025 sanctitatis
672 1958 883 2028 eminentiae¹
915 1965 1047 2028 sanctus
1084 1961 1240 2028 convenit
1270 1958 1501 2027 interventor.²

451 2060 497 2126 Et
518 2061 687 2147 quianon
710 2062 803 2128 decet
824 2067 865 2128 ut
894 2061 1012 2150 aliquis
1034 2064 1175 2151 peccatis
1202 2063 1333 2129 deditus
1355 2067 1499 2128 vestram

450 2162 636 2249 frequentet
658 2165 878 2246 sanctitatem,
902 2165 977 2232 ideo
999 2166 1077 2232 volo
1100 2166 1211 2232 nuntii
1227 2165 1440 2231 idoneitatem
1464 2164 1500 2229 in

449 2265 522 2330 vita
544 2263 690 2352 aperire8
736 2266 821 2332 Vere
847 2267 932 2332 nihil
955 2268 1019 2333 sibi
1049 2269 1196 2335 conscius
1225 2273 1276 2336 est
1299 2268 1340 2333 de
1369 2271 1501 2354 peceato

449 2366 591 2445 mortali,
615 2367 688 2433 sed
716 2368 811 2455 virgo
841 2369 1098 2436 mundissimus⁴
1127 2387 1148 2435 e
1182 2392 1235 2437 me
1264 2371 1403 2448 recessit
1442 2391 1502 2434 nec

449 2467 574 2533 habens
603 2468 740 2555 alicujus
772 2470 1005 2535 conscientiam
1043 2471 1192 2536 mortalis
1229 2472 1353 2558 peccati
1384 2492 1405 2536 a
1441 2491 1501 2535 sua

449 2570 635 2636 nativitate.
680 2571 769 2636 Nam
802 2571 864 2636 hoe
898 2572 1072 2658 diligenter
1105 2573 1261 2657 inquisivi
1292 2577 1326 2638 et
1355 2572 1416 2638 feci
1449 2572 1500 2636 in·

449 2671 545 2758 quiri,
568 2677 603 2738 et
623 2676 730 2739 certus
752 2693 821 2740 esse
843 2673 938 2739 credo
961 2674 1002 2738 de
1024 2673 1095 2754 hoc,
1120 2675 1207 2739 sicut
1229 2673 1319 2759 quod
1337 2694 1397 2738 vos
1423 2673 1500 2737 estis

448 2774 485 2839 in
507 2773 710 2841 sublimitate
731 2771 860 2862 papm³
874 2775 1050 2842 decoratus
1097 2776 1144 2841 Et
1161 2776 1198 2840 in
1216 2774 1278 2840 hoc
1300 2774 1396 2840 valde
1418 2773 1501 2838 mihi

448 2877 650 2967 complacet,⁰
679 2880 767 2966 quod
803 2885 915 2946 vestra
947 2881 1122 2948 clementia
1158 2902 1194 2946 re
1224 2885 1259 2945 et
1287 2879 1421 2944 nomine
1449 2879 1499 2943 in-

449 2983 562 3049 veniet
585 2983 743 3070 juvenem
772 2982 973 3061 clementem,
1006 2982 1186 3071 benignum
1216 2988 1251 3047 et
1281 2986 1499 3060 mansuetum,

448 3084 579 3150 fidelem
601 3086 638 3150 in
660 3084 845 3164 commissis,
867 3107 936 3151 non
957 3086 1124 3171 loquacem
1147 3106 1208 3150 nec
1230 3083 1418 3170 bilinguem,
1442 3083 1500 3147 sed

448 3192 645 3251 secretorum
667 3187 828 3273 optimum
851 3187 1032 3253 celatorem.
1079 3187 1125 3252 Et
1147 3186 1226 3252 licet
1245 3184 1331 3251 nihil
1354 3184 1500 3250 conscius

448 3287 501 3364 sit,
532 3293 646 3353 tamen
682 3309 751 3353 non
788 3289 825 3353 in
858 3289 919 3355 hoc
951 3288 1160 3376 justificatus
1207 3288 1253 3353 Et
1282 3284 1356 3353 ideo
1388 3291 1428 3352 ut
1457 3286 1501 3350 ab

448 3389 582 3455 occultis
611 3389 680 3454 suis
713 3391 851 3456 mundet
880 3412 956 3456 enm
987 3391 1086 3471 Deus,
1118 3395 1153 3472 et
1183 3389 1224 3456 de
1253 3388 1501 3455 necessitatibus

448 3491 518 3578 ojus
547 3498 642 3557 eruat
667 3513 752 3572 eum,
780 3497 814 3558 et
843 3497 883 3557 ut
912 3493 957 3558 sit
987 3493 1059 3559 Deo
1088 3498 1203 3579 gratus
1234 3491 1274 3557 de
1297 3492 1413 3579 gratiis
1436 3491 1501 3555 sibi

448 3594 583 3673 collatis,
613 3615 651 3658 ac
680 3598 814 3679 propter
847 3595 1032 3660 custodiam
1062 3611 1130 3661 suae
1161 3595 1354 3673 sanctitatis,
1385 3590 1501 3679 atque⁷

447 3699 582 3781 propter
605 3695 722 3760 mundi
744 3699 883 3782 peecata,
908 3697 1093 3762 adolescens
1117 3717 1176 3785 pro
1200 3696 1271 3764 loco
1297 3702 1332 3763 et
1354 3702 1500 3782 tompore

447 3797 570 3883 gaudet
592 3797 682 3863 carni
705 3818 773 3864 suae
795 3798 937 3864 cilicium
959 3798 1122 3865 adhibere.

483 4185 648 4254 'animum
667 4187 836 4249 eminentiam,
852 4187 883 4239 Β.
919 4195 922 4201 “
999 4185 1162 4238 numine.
1208 4185 1256 4238 aaa
1277 4184 1346 4250 Opus
1362 4184 1455 4249 Majus,
1477 4201 1500 4250 p.

481 4265 491 4295 ¹
501 4267 659 4332 interventor]
673 4267 831 4328 intercessor,
840 4267 900 4318 with
911 4266 950 4317 in·
1001 4270 1059 4317 447.

447 4351 575 4395 tarventor
585 4346 684 4396 written
695 4362 756 4397 over
766 4346 793 4408 it,
803 4347 831 4408 in
842 4346 873 4396 T.
1033 4343 1153 4413 ‘papclq
1172 4344 1269 4395 deleted
1279 4345 1306 4395 in
1317 4343 1347 4394 B.

480 4425 611 4491 ’apoetq
631 4440 760 4490 apparere,
772 4425 805 4477 U.
1034 4422 1196 4489 'complacetJ
1214 4439 1272 4474 cum
1283 4424 1371 4489 placet,
1387 4423 1417 4474 B.

480 4502 680 4570 ‘mundativam
716 4503 747 4556 Τ.
763 4505 794 4555 Β.
839 4504 890 4554 But
918 4501 951 4557 U.
1035 4502 1140 4570 ἀεφιι]
1159 4517 1196 4566 ac,
1214 4502 1245 4554 Τ.
1358 4561 1360 4563 ,
