3586 5640
449 770 515 851 ns
826 795 955 848 nocem
978 793 1125 848 escorrs
1412 779 1501 868 [cie.

449 973 495 1038 Et
517 973 591 1039 ideo
611 995 679 1039 non
693 973 809 1039 dicunt
832 973 946 1038 lunam
969 994 1036 1039 esse
1065 968 1204 1056 elicujus
1228 971 1347 1052 setntis,
1370 975 1412 1036 ut
1433 971 1501 1058 pri-

449 1099 546 1158 mum,
578 1078 633 1142 vel
666 1077 850 1154 secundem,
874 1076 929 1141 vel
962 1075 1108 1155 tertiam,
1131 1074 1196 1142 nisi
1228 1074 1264 1138 in
1298 1095 1413 1139 occasu
1446 1073 1503 1138 vel

448 1184 528 1244 unte
551 1201 700 1245 occasum
722 1179 912 1244 invenietur
933 1179 1005 1264 ejus
1027 1183 1109 1245 setes
1139 1199 1227 1243 nova
1252 1176 1349 1242 tecm
1408 1176 1503 1242 Dicit

450 1282 538 1347 enim
588 1282 679 1347 Beda
716 1280 771 1346 in¹
811 1282 896 1347 libro
934 1281 1141 1368 Temporum‚
1179 1300 1374 1366 quecunque
1419 1278 1502 1344 horo

449 1385 647 1450 accendetur
702 1385 789 1462 lune,
848 1385 1038 1471 priusquam
1086 1404 1223 1470 vespere
1269 1382 1394 1462 veniet,
1432 1402 1501 1447 non

451 1486 580 1552 dicetur
601 1487 715 1574 prime
761 1487 899 1552 sivero
922 1491 996 1575 post
1026 1507 1174 1552 occasum
1197 1485 1274 1551 solis
1295 1485 1504 1564 accendatur,

452 1611 519 1655 non
542 1590 648 1676 prime
673 1589 710 1654 in
731 1589 934 1677 pmoedente
964 1610 1108 1676 vespere,
1139 1588 1196 1654 sed
1222 1587 1388 1653 tricesima
1413 1586 1502 1652 aesti-

452 1692 605 1758 mebitur.
669 1691 770 1758 Unde
792 1691 897 1780 primu
918 1694 986 1758 non
1008 1692 1143 1769 dicetur,
1166 1689 1231 1756 nisi
1253 1695 1331 1758 ente
1354 1710 1502 1756 occe-sum

452 1794 505 1860 vel
527 1795 564 1860 in
586 1795 657 1882 ipso
679 1815 794 1862 occasu
816 1794 1040 1876 amendatum
1063 1799 1098 1860 et
1119 1794 1165 1859 sic
1186 1815 1246 1860 nec
1268 1792 1420 1873 secunde,
1443 1814 1503 1858 nec

451 1897 561 1976 tertis,
606 1919 667 1964 nec
710 1897 849 1985 alicujus
891 1897 1011 1964 aetetis
1074 1897 1120 1962 Et
1157 1895 1239 1965 ,ideo
1284 1896 1312 1961 si
1349 1894 1505 1961 vicesimo

449 2001 592 2088 septime
622 2001 702 2067 lunc
738 2000 855 2082 exivit,
894 1999 1073 2067 secundum
1110 1997 1199 2085 quod
1236 1998 1328 2064 Beda
1358 1997 1439 2064 dicit
1468 2002 1504 2063 et

451 2102 613 2192 Magister
648 2103 782 2182 fatetur,
815 2127 883 2170 non
919 2107 1030 2190 potest
1068 2101 1133 2167 dici
1170 2101 1326 2167 vicesima
1363 2106 1501 2166 octava:

451 2211 583 2293 oportet
613 2206 703 2272 enim
737 2207 826 2292 quod
857 2207 998 2272 alterum
1021 2206 1139 2272 horum
1173 2203 1393 2270 determinate
1427 2224 1503 2269 con-

451 2308 571 2395 tinget
620 2306 690 2373 Nec
724 2314 775 2374 est
806 2309 953 2374 medium
988 2313 1118 2395 tempus
1151 2307 1239 2372 inter
1272 2304 1378 2372 istus²
1410 2305 1504 2370 luna·

450 2410 567 2489 tiones,
606 2414 647 2473 ut
690 2410 797 2496 fingit,
845 2411 933 2496 quod
979 2411 1152 2497 utriusque
1197 2409 1339 2475 extremi
1383 2429 1504 2474 nomen

450 2511 599 2597 accipiat
646 2509 712 2576 Sed
742 2533 785 2576 ex
807 2512 916 2599 glossa
938 2513 1062 2593 Strabi,
1095 2535 1195 2600 quem
1228 2532 1296 2577 non
1328 2511 1504 2589 intellexit,

450 2612 592 2698 sumpsit
636 2612 827 2681 occasionen
860 2615 1000 2680 errandi
1047 2615 1136 2680 Nam
1181 2613 1296 2680 eodem
1340 2612 1394 2679 die
1439 2633 1505 2699 quo

449 2714 600 2792 introvit,
636 2715 749 2796 exivit,
776 2721 816 2782 ut
843 2716 925 2782 dicit
958 2716 1106 2783 Strnbus.
1153 2716 1219 2783 Sed
1250 2715 1311 2781 hoc
1341 2719 1504 2802 quantum

449 2817 494 2882 sd
515 2815 630 2882 feriam
656 2816 909 2907 intelligendum
931 2824 1005 2898 est;
1041 2825 1081 2886 ut
1103 2819 1132 2884 si
1155 2817 1330 2885 Dominice
1351 2816 1503 2898 intravit,

451 2919 628 2986 Dominios
650 2921 766 3000 exivit,
816 2921 883 2988 Sed
909 2943 976 2988 non
1007 2927 1170 3008 quantum
1200 2920 1243 2986 ad
1273 2919 1505 2986 kalendarium

450 3022 711 3111 intelligendum.
773 3023 821 3090 Et
867 3023 928 3090 hoc
972 3023 1114 3091 credidit
1148 3023 1315 3111 Magister,
1352 3028 1387 3089 et
1431 3022 1506 3088 ideo

451 3124 607 3211 deceptus
629 3132 686 3192 est

284 3240 372 3319 cipue
496 3226 622 3293 Eodem
660 3228 758 3294 modo
795 3228 831 3294 in
863 3228 986 3311 Exodo,
1026 3228 1066 3296 de
1103 3234 1251 3318 tempore
1291 3227 1373 3317 legis
1403 3227 1500 3306 dotes,

282 3307 413 3425 {³21¹ng
452 3329 594 3414 turpiter
628 3336 724 3411 erret,
750 3337 784 3397 et
818 3331 945 3398 inducit
967 3333 1088 3419 vulgus
1121 3333 1158 3398 in
1180 3354 1329 3412 errorem,
1352 3337 1387 3397 et
1420 3332 1504 3418 sepi·

454 3436 545 3496 entes
583 3430 643 3495 ιιι8
676 3454 831 3520 magnam
863 3434 1114 3501 intricationem.
1178 3436 1266 3500 Nam
1299 3457 1373 3500 curn
1405 3435 1505 3500 tertie

453 3534 507 3599 die
530 3535 650 3599 mensis
681 3537 772 3601 tertii
798 3537 864 3601 suit
894 3537 949 3602 lex
972 3538 1061 3619 date,
1091 3543 1127 3604 et
1157 3538 1429 3625 quinquagesima
1451 3536 1506 3602 die

451 3636 494 3702 eb
516 3636 664 3724 Azymis,
689 3660 762 3723 quse
778 3639 993 3706 comedebant
1014 3641 1050 3704 in
1071 3641 1225 3728 AEgypto,
1248 3640 1323 3705 vult
1349 3640 1410 3705 hoc
1433 3639 1504 3704 Me-

450 3741 553 3826 gister
575 3742 702 3808 sslvsre
731 3743 882 3829 ponendo
905 3742 992 3828 quod
1019 3744 1139 3808 mensis
1162 3743 1285 3808 lunaris
1307 3743 1351 3808 sit
1379 3763 1506 3830 semper

450 3843 591 3930 triginta
605 3845 738 3911 dierum.
786 3844 860 3911 Hoc
882 3851 993 3911 autem
1009 3846 1187 3911 absurdum
1210 3845 1303 3926 est;⁴
1326 3844 1404 3931 quie
1425 3851 1505 3910 tunc

451 3945 487 4009 in
519 3969 605 4013 anno
642 3948 749 4012 lunari
787 3953 894 4014 essent
928 3948 1066 4014 trecenti
1099 3948 1274 4037 sexaginta
1304 3943 1397 4026 dies‚⁶
1427 3947 1505 4033 quis

452 4048 624 4116 duodecies
655 4051 794 4137 triginta
829 4051 1002 4138 perficiunt
1036 4057 1181 4117 trecente
1213 4051 1391 4138 sexaginte
1437 4048 1505 4116 Sed

451 4148 511 4215 hoe
534 4150 653 4216 falsum
676 4159 734 4233 est,
756 4157 797 4218 ut
823 4158 917 4240 putet
950 4175 1008 4240 per
1040 4155 1205 4241 prsediote„
1289 4153 1505 4240 Computevit

449 4254 562 4316 temen
584 4254 803 4339 septendecim
826 4255 896 4322 dies
919 4256 959 4321 de
984 4256 1090 4343 primo
1112 4277 1230 4336 mense,
1248 4256 1326 4344 quis
1347 4255 1504 4322 tredecim

1456 4431 1501 4446 0-

484 4544 542 4610 ¹511]
562 4559 610 4594 om.
624 4543 654 4594 T.
685 4542 746 4597 Bet
758 4544 792 4596 ib.
804 4559 859 4612 esp.
877 4546 921 4599 lix.
1034 4547 1102 4614 ⁴est]
1122 4564 1170 4600 om.
1184 4547 1214 4600 T.

482 4625 492 4654 ¹
504 4624 578 4689 istas]
592 4625 666 4687 ipses,
678 4624 708 4674 T.

484 4704 543 4770 ¹in]
562 4719 611 4754 om.
624 4704 655 4753 B.
1035 4705 1119 4774 'diesJ
1138 4721 1187 4758 om.
1200 4700 1231 4758 T.
