3586 5640
450 742 492 807 56
699 766 706 771 ·
839 755 968 807 uocum
992 754 1139 805 niconrs
1415 741 1503 827 [cnr.

284 937 432 1016 Baconnhcd
451 927 645 1014 Republics¹
698 928 815 1014 optimi
854 948 1016 1012 nusquam
1054 926 1277 1003 inveniuntur,
1314 927 1402 1011 quod
1441 937 1509 1014 ego‘

284 1007 405 1121 {affl
456 1029 597 1116 possim²
624 1027 747 1108 audire,
772 1051 846 1096 cum
872 1033 985 1094 tumen
1012 1026 1170 1094 sellicitus
1200 1026 1249 1091 fui
1280 1048 1424 1112 quaerere
1446 1051 1504 1114 per

285 1135 424 1222 1111111111
452 1131 598 1196 diversas
635 1136 746 1218 partes
784 1129 910 1210 mundi,
943 1134 978 1194 et
1020 1151 1079 1216 per
1115 1127 1261 1194 diversos
1298 1129 1501 1196 mediatores.

286 1203 440 1334 §tm
454 1232 615 1300 simnur
644 1232 742 1299 mne
771 1232 829 1298 ani
859 1231 937 1296 uss
967 1230 1045 1317 ejus
1103 1230 1218 1296 ueros
1247 1249 1327 1296 vero
1357 1230 1500 1312 senece,

288 1333 343 1385 ¹5⁶⁰·
453 1356 592 1422 quorum
622 1334 718 1400 flores
741 1340 861 1400 vestrse
890 1331 1092 1399 beatitudini
1122 1332 1305 1420 conscripsi,
1330 1355 1501 1419 nunquam

453 1436 548 1523 potui
572 1436 729 1513 invenire,
753 1435 819 1500 nisi
843 1456 864 1499 s
887 1439 1035 1520 tempore
1059 1434 1208 1500 mandeti
1223 1433 1335 1515 vestri,
1350 1435 1502 1520 quemvis

453 1538 594 1625 diligens
611 1537 660 1603 fui
684 1537 720 1602 in
742 1537 802 1603 hac
823 1541 918 1622 purte
937 1536 1009 1621 jum
1034 1559 1055 1601 a
1077 1535 1201 1622 viginti
1225 1535 1322 1600 snnis
1345 1542 1380 1602 et
1401 1537 1502 1623 pluri-

454 1639 526 1706 bus.
575 1640 620 1705 Et
643 1639 687 1705 sic
713 1636 781 1705 est³
805 1639 846 1703 de
860 1637 975 1703 multis
990 1637 1065 1703 aliis
1084 1637 1269 1703 utilissimis
1293 1637 1387 1703 libris
1409 1638 1504 1704 istius

455 1740 600 1808 scientiae
639 1739 768 1806 nobilis.
813 1737 1005 1805 Peucissimi
1044 1738 1145 1805 etism
1182 1744 1261 1805 sunt
1298 1739 1357 1824 qui
1396 1739 1505 1806 sciunt

456 1841 642 1928 hujusmodi
666 1840 778 1922 libros,
802 1862 862 1907 nec
892 1845 971 1906 sunt
993 1840 1164 1906 exercitati
1194 1839 1270 1922 hic;
1295 1860 1355 1907 nec
1383 1841 1505 1908 scirent

456 1965 499 2010 ex
524 1942 656 2008 infinite
677 1942 893 2008 multitudine
922 1941 1072 2030 colligere
1102 1963 1177 2028 quse
1207 1941 1387 2008 necessaris
1416 1949 1504 2021 sunt,

457 2050 492 2112 et
513 2045 647 2112 collecte
669 2043 826 2110 ordinare.
872 2043 918 2110 Et
940 2043 991 2109 illi
1012 2047 1092 2109 sunt
1113 2042 1263 2109 homines
1288 2043 1446 2126 valentes,
1470 2049 1505 2112 et

456 2168 557 2226 senes,
588 2151 623 2212 et
656 2145 769 2232 magni
799 2146 872 2224 viri,
909 2145 967 2232 qui
1007 2145 1076 2211 sine
1106 2145 1232 2234 magnis
1262 2146 1413 2234 expensis
1438 2167 1505 2212 non

456 2248 602 2314 redirent
633 2247 677 2312 ed
706 2247 864 2325 studium,
898 2247 956 2313 sed
995 2247 1168 2334 quiescunt
1197 2245 1233 2313 in
1263 2248 1343 2315 locis
1372 2249 1440 2315 suis
1470 2249 1506 2314 in

456 2371 534 2438 pecs
556 2370 630 2415 cum
653 2347 868 2415 delectatione
892 2348 987 2414 istius
1010 2348 1179 2435 snpientiae
1202 2349 1319 2415 finalis

881 2669 960 2736 Cir.
986 2669 1081 2734 XVI.

289 2880 418 2932 obruens
501 2869 715 2936 Euunusnvl
733 2869 804 2956 jem
827 2869 957 2955 linguas
983 2874 1018 2934 et
1039 2865 1193 2933 scientias
1215 2888 1288 2954 quse
1312 2867 1506 2955 ignorentur

288 2947 411 3064 ffioe,
456 2994 477 3036 a
506 2973 607 3060 vulgo
633 2972 846 3049 studentium,
879 2977 913 3037 et
937 2992 1010 3057 quae
1037 2969 1162 3036 faciunt
1184 2969 1257 3035 sciri
1280 2992 1393 3036 omncs
1415 2972 1504 3049 alias,

288 3088 358 3157 1111111
368 3078 399 3129 or
457 3079 491 3140 et
513 3075 584 3140 sine
607 3075 727 3160 quibus
749 3073 833 3138 nihil
855 3078 965 3159 potest
986 3071 1145 3137 veraciter
1167 3071 1336 3158 cognosci:
1370 3078 1404 3137 ct
1426 3075 1505 3139 reci·

288 3144 443 3276 pplffippy.
457 3177 528 3241 tavi
552 3176 779 3242 difficultatem
802 3174 945 3241 habendi
976 3174 1065 3251 istas,
1088 3176 1160 3239 tum
1183 3179 1316 3260 propter
1337 3175 1506 3240 reritctem

289 3278 419 3404 mm
456 3298 668 3362 personarum
697 3299 772 3362 quse
802 3277 911 3343 sciunt
940 3276 982 3343 de
1004 3277 1064 3354 his,
1088 3280 1163 3394 tum
1183 3280 1317 3394 prepter
1338 3278 1507 3382 raritatem

289 3410 426 3554 iris
456 3378 1508 3569 {sunu

288 3541 594 3673 {ssffindmcgnis
619 3582 655 3647 in
689 3582 900 3670 experientiis
935 3581 1073 3647 secretis
1120 3581 1166 3647 Et
1196 3582 1269 3648 ideo
1299 3588 1392 3670 patet
1421 3585 1509 3670 quod

458 3685 581 3772 scripta
610 3684 804 3772 principalis
836 3683 878 3749 de
908 3681 1069 3769 sapientie
1098 3682 1311 3770 philosophice
1340 3705 1407 3750 non
1436 3708 1509 3772 pcs-

459 3792 538 3852 sunt
560 3787 632 3852 fieri
655 3787 698 3852 ab
721 3808 788 3852 uno
815 3785 947 3851 homine
976 3805 1036 3850 nec
1065 3805 1086 3849 e
1115 3785 1273 3870 pluribus,
1297 3784 1361 3850 nisi
1392 3809 1510 3852 manus

459 3889 672 3976 praelntorum
695 3894 729 3954 et
751 3888 935 3976 principum
956 3882 1078 3972 juvent
1105 3887 1268 3973 sapientes
1294 3909 1368 3952 cum
1390 3910 1510 3974 magne

293 3997 431 4078 Needqfa
461 3991 593 4056 virtute.
650 3990 750 4056 Unde
773 3994 903 4077 oportet
924 3988 1012 4075 qucd
1034 3987 1094 4052 fist
1116 3989 1277 4074 scripturn
1298 3989 1509 4074 praeumbulu,

292 4066 446 4197 ξζξξῗζὼ
459 4092 496 4156 in
519 4114 586 4177 que
607 4097 789 4179 tangantur
804 4091 925 4170 omnin,
940 4111 1014 4176 quae
1028 4090 1210 4156 necessarie
1223 4095 1302 4155 sunt
1324 4091 1368 4162 sd
1389 4091 1510 4178 scriptu

459 4192 659 4280 principalis,
676 4197 711 4258 et
733 4198 772 4258 ut
794 4193 937 4258 scientur
958 4191 1198 4279 impedimentis
1238 4191 1284 4256 Et
1305 4193 1510 4279 praete1·jam

495 4553 501 4582 ¹
516 4550 558 4601 De
569 4547 720 4616 Republica]
740 4565 789 4600 cm.
807 4549 838 4602 Τ.
981 4549 989 4684 Ι
1045 4540 1113 4606 ἐκ]
1132 4555 1180 4590 cm.
1198 4540 1229 4590 T.

494 4633 503 4661 ¹
511 4631 616 4698 ροεείηι]
635 4644 744 4696 possum,
762 4628 793 4682 Τ.
