3586 5640
306 769 397 858 xcx]
702 788 789 839 orus
810 788 969 839 reanum
1313 778 1354 843 61

305 956 464 1024 verentiae
494 959 731 1045 prmsentendo,
757 980 856 1045 quem
887 960 927 1025 de
957 960 1109 1025 omnibus
1140 983 1213 1046 quae
1243 962 1356 1040 scribo,

305 1080 348 1124 ne
361 1065 509 1126 vestrum
524 1059 722 1126 desiderium
741 1061 1013 1149 impedimentum
1035 1062 1201 1148 reciperet,
1217 1071 1252 1129 et
1266 1064 1359 1130 labor

306 1182 399 1227 meus
422 1167 610 1229 cassaretur.
657 1161 704 1228 Et
726 1161 804 1228 licet
827 1163 912 1228 alius
936 1163 1052 1229 melius
1081 1171 1290 1250 componeret
1320 1187 1359 1230 ea

306 1283 381 1348 quae
406 1263 529 1351 scripsi,
556 1269 668 1330 tamen
695 1264 835 1351 quilibet
861 1265 984 1352 gaudet
1007 1286 1105 1331 sensu
1131 1288 1197 1344 suo,
1223 1271 1259 1331 et
1285 1267 1359 1332 ideo

306 1364 417 1430 nullus
446 1366 508 1433 hoo
537 1365 737 1454 intelligeret
766 1366 832 1431 nisi
861 1388 968 1432 meam
998 1366 1217 1433 intentionem
1251 1373 1360 1432 osten·

308 1466 435 1533 diesem.
504 1467 552 1534 Et
589 1473 723 1555 propter
759 1468 820 1534 hoc
857 1468 1059 1534 consideravi
1088 1468 1208 1534 unum¹
1249 1469 1358 1534 adolo-
1371 1485 1430 1537 nau
1443 1486 1513 1538 extu

307 1574 451 1635 soentem
474 1569 591 1656 quem²
614 1592 634 1634 a
656 1569 802 1655 quinque
824 1570 877 1636 vel
900 1592 957 1636 sex
979 1571 1074 1635 annis
1097 1571 1159 1636 feci
1182 1571 1302 1637 instrui
1323 1568 1505 1684 inffiJfff'

307 1669 438 1758 linguis,
464 1678 499 1737 et
522 1671 774 1751 mathematicis,
796 1678 831 1736 et
852 1671 1074 1758 perspectivis‚
1101 1673 1137 1736 in
1163 1673 1283 1758 quibus
1309 1679 1360 1738 est
1371 1686 1426 1737 tta
1436 1701 1496 1750 por-

306 1777 389 1838 tota
406 1771 583 1839 difficultas
609 1794 722 1838 earum
752 1793 826 1858 quae
856 1773 954 1838 mitto
966 1797 975 1854 ;
1004 1778 1039 1840 ct
1069 1774 1173 1861 gratis
1198 1795 1274 1839 eum
1304 1795 1358 1839 ore
1371 1753 1525 1869 pgoeffihom

306 1895 381 1939 meo
427 1873 580 1951 instruxi,
618 1879 792 1960 postquam
824 1875 929 1960 recepi
965 1875 1160 1941 mandatum
1197 1881 1356 1954 vestrum,
1371 1885 1525 1936 intumum

306 1975 519 2062 praesentiens
543 1976 632 2062 quod
663 1975 765 2039 alium
791 1995 859 2040 non
883 1976 977 2062 potui
1003 1976 1124 2043 habere
1148 1975 1192 2042 cd
1215 1951 1525 2068 praesensffiffi

305 2077 483 2142 secundum
512 2097 569 2142 cor
597 2099 715 2142 meum.
764 2075 810 2141 Et
839 2075 913 2141 ideo
943 2077 1087 2162 cogitavi
1124 2077 1213 2164 quod
1250 2078 1357 2164 ipsum
1369 2092 1430 2134 eost

304 2179 573 2255 transmitterem,
596 2184 637 2244 ut
661 2178 691 2242 si
714 2183 834 2244 vestrae
858 2177 1028 2264 sapientiae
1050 2180 1193 2266 placeret
1214 2180 1266 2244 uti
1289 2202 1356 2245 me·

306 2280 432 2346 diatore
455 2279 649 2345 inveniretis
678 2285 831 2365 paratum
843 2302 851 2358 3
881 2280 910 2343 si
941 2302 1016 2358 non,
1047 2281 1263 2347 nihilominus
1293 2282 1358 2347 iret
1490 2323 1492 2326 -

305 2381 349 2446 ad
374 2402 437 2447 vos
458 2403 517 2468 pro
544 2381 713 2467 scripturis
740 2385 858 2446 vestroe
887 2379 1001 2468 gloriae
1032 2382 1213 2450 offerendis.
1269 2383 1356 2448 Nam

305 2484 418 2571 procul
440 2482 541 2548 dubio
564 2482 673 2547 nullus
701 2488 752 2548 est
778 2483 867 2548 inter
894 2483 1039 2564 Latinos,
1063 2484 1121 2570 qui
1145 2485 1181 2550 in
1205 2486 1357 2551 omnibus

306 2607 381 2670 quae
407 2584 514 2650 scribo
544 2584 647 2671 possit
676 2585 718 2648 ud
748 2589 800 2649 tot
837 2585 1031 2671 respondere
1061 2591 1194 2673 propter
1222 2589 1356 2654 modum

306 2708 404 2773 quem
434 2691 539 2763 teneo,
563 2691 598 2751 et
624 2685 699 2771 quia
725 2707 800 2750 eum
823 2686 1083 2765 institui—neo
1113 2688 1169 2753 ille
1199 2689 1356 2775 magister

306 2810 453 2876 magnus,
470 2809 529 2853 nec
549 2787 668 2873 aliquis
691 2809 803 2852 eorum
824 2788 864 2852 de
885 2787 1005 2872 quibus
1027 2789 1176 2872 superius
1191 2789 1251 2854 ieci
1266 2813 1356 2854 men-

305 2891 439 2968 tionem,
473 2889 552 2976 quia
581 2880 734 2954 nesciunt
765 2887 899 2953 modum
929 2888 1181 2968 meum—sicut
1207 2889 1269 2955 iste
1300 2892 1356 2975 qui

307 3014 362 3058 ore
385 3013 459 3058 meo
482 2990 607 3068 didicit,
631 2989 746 3075 etqui
769 2989 903 3055 consilio
926 3009 999 3053 meo
1022 2993 1072 3053 est
1095 2988 1283 3054 instructus

350 3095 398 3160 Et
419 3094 510 3159 Deus
532 3091 629 3158 testis
655 3090 817 3176 estquod
844 3090 907 3154 nisi
932 3093 1017 3154 esset
1040 3094 1150 3154 vestro
1174 3091 1523 3166 reverentisThcpreeo

306 3200 340 3262 et
354 3201 468 3262 vestm
492 3193 632 3270 utilitas,
649 3214 716 3257 non
739 3192 884 3257 fecissem
910 3191 950 3256 de
975 3212 1013 3256 eo
1036 3191 1256 3274 mentionem;
1280 3168 1508 3285 quioffffiffi

305 3299 334 3363 si
358 3319 417 3386 pro
440 3296 588 3363 utilitate
617 3317 690 3360 mea
716 3294 823 3380 ipsum
853 3293 1020 3370 misissem,
1045 3293 1127 3360 bene
1157 3294 1355 3362 invenissem

306 3399 389 3465 alios
418 3399 456 3464 in
485 3397 627 3486 negotiis
657 3395 741 3461 mihi
764 3395 977 3482 procurandis
1006 3396 1110 3483 magis
1136 3397 1296 3479 idone0s;
1326 3401 1354 3464 si

307 3523 387 3568 vero
409 3522 470 3589 pro
492 3499 641 3566 utilitato
664 3497 784 3575 nuntii,
801 3499 904 3585 magis
928 3497 1028 3585 diligo
1049 3498 1139 3579 alios,
1156 3505 1191 3565 et
1212 3500 1285 3586 plus
1308 3501 1355 3566 eis

306 3610 429 3682 teneor,
458 3603 537 3691 quia
562 3601 618 3667 isti
642 3601 678 3665 in
700 3599 792 3666 nullo
816 3621 889 3664 sum
914 3600 1087 3686 obligatus,
1104 3622 1163 3666 nec
1184 3603 1259 3688 jure
1282 3625 1354 3668 san-

305 3705 425 3794 guinis,
463 3727 523 3771 nec
560 3703 664 3780 aliter,
703 3701 768 3768 nisi
801 3703 886 3767 sicut
923 3701 1057 3766 cuilibet
1091 3702 1131 3766 de
1161 3704 1291 3788 populo,
1322 3711 1357 3768 et

305 3808 424 3873 minus.
461 3806 550 3888 Quia
572 3827 647 3871 cum
663 3804 756 3874 venit
779 3825 861 3890 puer
883 3807 918 3867 et
933 3823 1056 3888 pauper
1072 3804 1116 3868 ad
1138 3825 1199 3883 me,
1216 3826 1276 3892 ego
1296 3806 1357 3872 feci

305 3932 380 3976 eum
406 3908 528 3975 nutriri
558 3910 594 3973 et
619 3906 740 3972 instrui
771 3927 830 3991 pro
861 3924 970 3969 amore
997 3903 1070 3984 Dei,
1092 3904 1254 3991 praecipue
1283 3930 1357 3972 cum

305 4017 376 4078 tam
399 4010 543 4076 habilem
560 4008 719 4094 juvenem
742 4007 778 4070 in
801 4005 910 4071 studio
933 4011 968 4071 et
989 4003 1044 4070 in³
1057 4006 1129 4071 vita
1150 4028 1217 4072 non
1237 4009 1357 4074 inveni.

307 4113 353 4180 Et
378 4113 422 4179 ad
445 4117 579 4178 tantum
603 4115 772 4197 promotus
796 4112 854 4186 cst,
880 4106 969 4193 quod
995 4108 1167 4195 magnifice
1191 4115 1225 4175 et
1248 4112 1358 4177 verius

306 4215 380 4303 plus
406 4235 505 4302 quom
528 4212 621 4294 alius,
646 4212 831 4298 quicunque
853 4208 898 4275 sit
921 4208 1073 4292 Parisios,
1095 4212 1217 4298 poterit
1239 4212 1357 4280 lucrari

339 4576 345 4606 ¹
360 4573 445 4641 sam]
465 4574 534 4640 qnod
545 4588 632 4636 unum,
646 4571 677 4624 Β.
692 4571 725 4623 U.
886 4573 947 4640 ἰὴ]
963 4589 1011 4627 om.
1031 4575 1061 4628 Τ.

339 4653 440 4720 'qamJ
459 4654 490 4706 B.
501 4653 535 4705 U.
