3586 5640
309 787 450 874 crarta]
700 803 788 854 orus
809 800 970 853 reanum
1293 780 1357 848 299

306 983 416 1046 testas
474 977 572 1060 Nem,
603 983 642 1044 ut
671 980 720 1044 ait
750 978 895 1057 Boetius,
922 977 996 1042 aliae
1029 974 1176 1040 soientiae
1206 973 1358 1038 veritatis

305 1083 560 1168 investigatione
596 1082 775 1158 laborant;
816 1081 887 1146 haec
924 1099 1003 1144 vero
1044 1099 1112 1142 non
1153 1073 1360 1141 solummodo

306 1184 523 1270 speculationi
552 1183 609 1249 sed
638 1183 821 1249 moralitati
851 1181 1027 1268 conjuncta
1058 1184 1117 1257 est,
1143 1183 1178 1244 et
1204 1182 1358 1243 naturam

308 1293 476 1374 permutat
500 1287 695 1352 universam
743 1286 852 1351 Mores
878 1285 968 1350 enim
993 1283 1158 1364 reformat,
1182 1280 1360 1348 ebrietates
1373 1285 1529 1339 remotus.

307 1390 409 1469 sedat,
434 1388 644 1455 infirmitates
668 1392 771 1468 curet,
797 1388 975 1453 sanitatem
1005 1389 1186 1466 conservat,
1213 1384 1360 1470 quietem

309 1492 415 1557 somni
448 1491 585 1570 inducit,
617 1512 685 1556 non
722 1495 877 1557 naturam
907 1489 1043 1556 auditus
1073 1492 1272 1576 pervertens,
1304 1487 1361 1553 sed

309 1593 475 1681 superior¹
504 1616 542 1659 eo
564 1594 660 1675 facta,
685 1594 791 1680 ipsam
814 1593 963 1658 suaviter
989 1593 1130 1659 vincens
1176 1591 1363 1656 Bestiarum

309 1697 437 1763 animos
459 1701 649 1777 commutat,
673 1700 708 1762 et
729 1695 767 1760 in
788 1695 931 1761 hominis
955 1694 1178 1760 obedientiam
1204 1692 1362 1779 perducit.

310 1799 400 1865 Nem
423 1796 586 1865 Boetius'
616 1804 651 1864 et
680 1798 792 1865 caeteri
817 1803 966 1865 auctores
988 1802 1119 1885 ponunt
1141 1795 1293 1882 exempla
1322 1795 1364 1861 de

309 1902 383 1968 istis
419 1901 725 1989 permutationibus
780 1901 992 1987 Empedocles
1022 1900 1112 1965 enim
1141 1897 1284 1964 hominis
1313 1896 1364 1963 in-

310 2005 463 2071 vadentis
487 2005 590 2070 alium
612 2005 649 2068 in
671 2007 811 2070 mortem
836 2003 1026 2069 harmonice
1048 2006 1211 2090 potestate
1234 2001 1363 2066 hacun-

312 2108 401 2173 diam
431 2107 637 2193 temperavit‚
663 2110 698 2172 et
727 2110 938 2171 mansuetum
968 2104 1114 2171 reddidit
1144 2110 1178 2171 et
1204 2103 1362 2170 sedatum

313 2210 518 2296 Pythagoras
542 2209 669 2274 ebrium
693 2213 729 2274 et
752 2210 832 2274 vino
855 2208 984 2294 plenius
1006 2208 1200 2288 delibutum,
1215 2207 1365 2294 frangere

311 2313 445 2377 domum
467 2311 567 2376 scorti
589 2311 786 2398 cupientem,
802 2311 953 2377 melodiae
975 2312 1141 2377 suavitate
1162 2315 1196 2376 et
1213 2310 1265 2375 sui
1280 2330 1365 2375 eom·

312 2419 424 2499 potem
447 2412 601 2490 reddidit,
629 2419 663 2479 et
687 2413 894 2480 luxuriosum
917 2413 1065 2478 animum
1090 2413 1134 2478 ad
1158 2416 1283 2478 statum
1309 2411 1365 2477 de-

313 2517 421 2581 bitum
458 2515 634 2582 revocavit
688 2515 775 2582 Cum
813 2517 914 2582 etiam
943 2516 1107 2582 vinolenti
1143 2515 1365 2581 adolescentes

313 2618 460 2684 mulieris
497 2617 625 2705 pudieae
662 2617 747 2684 fores
784 2618 935 2706 frangere
971 2618 1174 2698 molirentur,
1200 2617 1365 2706 gravitate

313 2722 494 2787 harmoniae
530 2720 663 2786 illorum
700 2720 864 2786 furentem
905 2720 1125 2807 petulentiam
1165 2718 1364 2786 consederit

314 2824 523 2911 Asclepiades
549 2845 628 2889 vero
652 2822 797 2889 medicus
819 2823 1057 2909 phraeneticum
1080 2823 1212 2888 sanavit
1233 2822 1367 2888 musicae

314 2931 480 3014 potestate
492 2951 500 3008 ;
532 2931 568 2992 et
597 2925 710 2991 David
741 2925 875 2991 Saulem
906 2948 926 2990 a
956 2925 1139 2991 daemonica
1167 2924 1368 3010 possessione

316 3029 495 3108 liberavit;
544 3032 579 3095 et
610 3028 831 3115 Hippocrates
861 3027 1088 3093 Democritum
1117 3028 1270 3092 insanum
1300 3048 1368 3092 me·

316 3132 406 3197 lodie
442 3131 579 3197 curavit.
642 3131 756 3197 Refert
793 3131 894 3196 etiam
933 3130 1069 3196 Boiitius
1099 3129 1181 3195 elios
1216 3129 1528 3209 medicos,1ndneae.

317 3256 385 3300 non
417 3234 522 3300 solum
552 3255 654 3298 unam
688 3255 869 3320 personam,
900 3232 954 3298 vel
984 3253 1110 3319 paucos,
1141 3231 1200 3297 sed
1232 3232 1368 3320 populos

317 3337 439 3402 multos
468 3358 489 3401 a
519 3336 652 3402 sciatica
682 3337 840 3423 passione,
864 3341 899 3402 et
923 3336 966 3400 ab
992 3335 1065 3400 eliis
1094 3335 1217 3401 morbis
1242 3336 1368 3423 gravis·

318 3438 417 3515 simis,
453 3439 642 3504 harmonica
680 3439 852 3505 dulcedine
891 3439 1052 3504 liberasse.
1113 3438 1159 3504 Et
1196 3439 1369 3506 Avieeuna

317 3541 423 3627 primo
453 3541 547 3607 Artis
576 3541 749 3608 Medicinae
780 3542 876 3608 docet
905 3542 1001 3627 quod,
1025 3541 1114 3608 inter
1140 3541 1252 3607 omnia
1277 3563 1368 3609 exer-

318 3644 397 3709 citia
426 3645 588 3721 sanitatis,
619 3650 751 3711 cantare
781 3645 898 3711 melius
928 3650 1004 3726 est3
1044 3645 1123 3732 quia
1159 3667 1227 3711 uon
1264 3645 1369 3711 solum

318 3745 448 3811 animus
485 3747 661 3828 hilarescit,
698 3753 738 3813 ut
775 3752 884 3813 totum
921 3770 1038 3834 eorpus
1075 3747 1276 3814 eonfortetur
1312 3770 1371 3835 per

317 3848 438 3914 mentis
474 3849 637 3926 solatium,
671 3847 729 3915 sed
766 3856 882 3916 centus
919 3852 1015 3938 vigor
1045 3871 1157 3916 omnes
1187 3871 1306 3916 nervos
1335 3847 1371 3917 et

318 3973 420 4017 venes
456 3952 560 4016 totius
598 3952 741 4038 eorporis
778 3952 946 4031 distendit,
978 3959 1017 4019 ut
1053 3974 1191 4040 vapores
1227 3954 1371 4042 corrupti

319 4053 523 4135 exhalentur,
549 4060 584 4120 et
608 4055 746 4121 subtiles
771 4056 856 4121 aeris
882 4055 1114 4144 inspirationes
1139 4063 1372 4125 restaurentur.

321 4157 366 4222 Et
396 4157 445 4222 ait
475 4157 613 4223 Boetius
647 4159 735 4244 quod
766 4157 802 4225 in
835 4163 969 4228 tantum
1006 4162 1121 4248 priseae
1158 4161 1372 4249 philosophie

320 4258 437 4325 studiis
463 4260 514 4326 vis
536 4261 669 4328 musieae
692 4262 774 4329 artis
800 4262 956 4346 innotuit,
984 4271 1025 4332 ut
1051 4265 1271 4354 Pythagorici,
1296 4286 1372 4333 cum

320 4361 455 4428 dimuas
485 4364 521 4428 in
551 4387 666 4432 somno
703 4365 905 4436 resolverent
934 4390 1037 4450 curas,
1069 4369 1267 4457 quibusdam
1296 4393 1371 4440 ean·

320 4465 434 4531 tileuis
464 4468 654 4551 utebantur,
679 4475 719 4537 ut
742 4491 797 4538 eos
827 4472 925 4540 laetus
949 4479 985 4540 et
1010 4475 1142 4562 quietus
1166 4496 1300 4542 somnus
1322 4496 1375 4541 ae

951 4640 1164 4648 .·—---———-—-

372 4713 378 4745 ¹
392 4717 515 4784 superior]
536 4733 615 4784 super,
627 4720 658 4770 Τ;
848 4722 852 4792 Ι
899 4725 1034 4795 'BadtiueJ
1048 4727 1088 4781 De
1099 4720 1230 4796 Musicai.
1243 4737 1267 4783 2.
