3586 5640
779 774 866 824 orus
887 774 1005 825 umus
1350 759 1417 833 37⁷

366 951 439 1013 tum
466 947 508 1012 de
530 950 668 1033 urgento
690 946 769 1011 vivo
791 951 825 1011 ει
846 967 964 1033 parum
987 944 1028 1012 de
1051 948 1212 1034 sulphure
1258 945 1305 1013 Et
1334 948 1417 1015 dicit

365 1050 472 1135 primo
494 1049 577 1113 libro
600 1048 688 1133 quod
711 1053 884 1134 argentum
906 1046 1047 1113 efficitur
1068 1049 1175 1133 primo
1206 1048 1246 1111 dc
1277 1054 1416 1134 argento

365 1150 444 1215 vivo
466 1149 561 1227 claro,
585 1149 682 1214 etde
705 1149 860 1235 sulphure
887 1169 1005 1225 croceo,
1037 1152 1128 1213 cocto
1151 1169 1209 1234 per
1231 1151 1417 1215 oentenaria

365 1272 534 1316 annorum
581 1250 627 1315 Et
649 1256 824 1335 argentum
847 1254 898 1314 εει
920 1249 1065 1326 crudum,
1093 1270 1161 1314 non
1184 1250 1267 1314 bene
1290 1256 1416 1315 coctum

365 1353 450 1417 sicut
487 1374 611 1428 amum,
650 1352 728 1438 quia
764 1352 851 1418 color
897 1350 975 1416 solis
1019 1372 1087 1416 non
1131 1350 1263 1415 decoxit
1307 1352 1416 1438 ipsum

365 1454 507 1520 omnino.
554 1453 621 1518 Sed
653 1453 761 1518 virtus
791 1452 879 1519 lunae
914 1456 1050 1538 operata
1072 1456 1123 1516 εει
1153 1452 1323 1538 principio.
1370 1452 1417 1517 Et

364 1553 439 1619 ideo
462 1559 513 1619 est
533 1553 708 1619 humidum
732 1559 766 1619 et
788 1553 944 1640 frigidum
977 1553 1062 1618 siout
1094 1552 1275 1639 complexio
1304 1552 1416 1631 lunae3

364 1654 462 1735 unde,
477 1656 656 1721 secundum
671 1655 878 1721 Avioennam
901 1660 935 1720 et
951 1676 1071 1734 omnes,
1089 1658 1139 1720 εει
1161 1654 1203 1719 do
1226 1653 1415 1739 operatione

364 1756 459 1822 lunae.
504 1757 551 1822 Et
584 1757 658 1821 idco
692 1779 759 1821 non
789 1762 898 1843 potest
924 1756 989 1821 dici
1019 1755 1107 1841 quod
1129 1756 1174 1820 sit
1195 1754 1353 1841 frigidum
1381 1760 1416 1820 et

363 1858 492 1936 siccum,
509 1863 549 1922 ut
571 1859 701 1942 antiqui
723 1858 889 1923 dixerunt.
935 1857 982 1922 Et
1003 1857 1040 1920 in
1062 1856 1229 1942 aliquibus
1250 1855 1415 1942 exempla-

364 1959 456 2024 ribus
478 1959 555 2023 libri
585 1958 756 2024 medicinae
779 1959 960 2023 Aviosnnso
989 1957 1025 2021 in
1056 1957 1198 2022 secundo
1224 1957 1415 2036 invenitur3

364 2061 422 2124 sed
444 2059 563 2124 fulsum
587 2065 644 2135 εει,
669 2060 754 2123 sicut
776 2059 974 2123 auctoritato
996 2059 1066 2142 ejus
1099 2059 1135 2122 in
1167 2057 1253 2122 libro
1283 2057 1414 2144 proprio

364 2159 408 2223 od
431 2160 492 2224 hoc
514 2160 551 2222 in
565 2160 730 2244 alchymic
752 2159 854 2226 docet,
902 2159 948 2224 Et
970 2179 1083 2223 omnes
1096 2158 1253 2244 alkymise
1268 2159 1414 2224 doctores

363 2261 453 2324 idem
483 2260 606 2324 dicunt
645 2259 691 2324 Et
713 2259 803 2345 quod
840 2279 906 2323 non
940 2265 991 2325 εει
1021 2259 1106 2324 bene
1140 2264 1270 2325 coctum
1302 2263 1414 2324 totum

363 2364 474 2446 potest
507 2359 631 2426 destrui
661 2365 696 2425 et
732 2361 902 2447 corrumpi,
936 2382 1014 2425 nam
1046 2365 1134 2425 terra
1166 2359 1255 2425 delet
1296 2361 1414 2447 ipsum,

362 2467 402 2526 ut
441 2461 522 2526 dicit
551 2461 742 2540 Avicenna3
778 2467 813 2527 ει
850 2462 947 2526 aliter
981 2461 1137 2527 distincte
1174 2462 1211 2526 in
1244 2459 1337 2540 libro,
1373 2461 1415 2526 de

364 2561 544 2649 Spiritibus
565 2568 600 2628 ct
623 2562 829 2649 Corporibus,
865 2562 994 2640 dicitur,
1017 2562 1106 2648 quod
1135 2564 1355 2650 corrumpitur
1379 2562 1416 2626 in

364 2662 499 2729 humido
521 2668 556 2729 ει
577 2663 647 2730 loco
670 2665 814 2742 humido,
839 2668 873 2730 ει
894 2665 931 2729 in
952 2665 1030 2751 igne
1052 2664 1222 2740 minuitur,
1239 2669 1273 2729 et
1295 2662 1416 2728 dicitur

364 2764 412 2829 ibi
434 2765 522 2850 quod
544 2766 650 2831 multa
672 2767 759 2830 mala
790 2767 942 2831 accidunt
968 2766 999 2830 ei
1032 2766 1098 2830 cito
1132 2766 1285 2849 quoniam
1315 2764 1415 2828 nimis

365 2873 415 2932 εει
429 2873 529 2933 ιειιιιε
543 2872 578 2932 ει
600 2869 756 2932 timidum
779 2872 813 2932 et
835 2867 1013 2953 impatiens
1036 2885 1156 2928 eorum
1187 2864 1341 2949 sulphur,
1358 2883 1413 2942 aes,

363 2969 493 3048 ferrum,
509 2973 544 3033 et
566 2973 723 3054 stagnum
746 2973 825 3031 sunt
846 2967 917 3050 ejus
940 2964 1075 3039 inimici,
1100 2964 1130 3027 ei
1152 2983 1294 3046 numque
1316 2962 1415 3027 infcr-

364 3074 443 3134 runt
464 3068 559 3147 mala,
583 3090 644 3133 nec
666 3073 745 3132 sunt
767 3067 797 3131 ei
820 3063 1058 3131 convenientia.

408 3172 593 3254 Argentum
638 3172 759 3243 autem,
805 3172 844 3231 ut
881 3165 971 3242 dicit,
1013 3167 1064 3227 εει
1101 3181 1217 3248 corpus
1254 3162 1413 3228 mundum

365 3269 474 3331 minus
496 3272 609 3331 tamen
634 3288 724 3343 auro,
747 3270 782 3331 ει
807 3265 878 3350 ejus
908 3265 1036 3351 pondus
1063 3268 1114 3327 εει
1141 3261 1250 3327 minus
1272 3264 1414 3350 pondero

364 3367 446 3445 auri,
469 3372 503 3431 ει
533 3366 603 3449 ejus
625 3389 721 3453 sapor
743 3372 793 3432 est
815 3367 934 3442 acidus,
958 3369 993 3429 et
1014 3369 1150 3452 excepto
1172 3385 1251 3429 auro
1285 3366 1412 3431 nullum

364 3489 480 3554 corpus
517 3472 568 3531 εει
601 3467 743 3532 nobilius
781 3488 828 3544 eo,
859 3472 894 3532 et
929 3467 1037 3553 ipsum
1074 3472 1125 3531 εει
1155 3466 1295 3531 vicinius
1332 3489 1413 3533 auro

364 3567 516 3634 omnibus
547 3568 757 3654 corporibus3
787 3568 858 3632 auri
881 3567 969 3632 enim
993 3566 1156 3632 exteriora
1182 3571 1262 3631 sunt
1283 3568 1413 3653 argenti

364 3670 542 3735 interiora:
582 3669 619 3731 in
655 3669 717 3733 hoc
751 3689 829 3733 vero
860 3667 935 3733 vult
969 3667 1075 3732 dicere
1113 3666 1202 3752 quod
1239 3671 1412 3752 argentum

364 3777 414 3836 est
444 3772 480 3835 in
511 3769 668 3856 potentia,
701 3773 735 3835 ει
766 3769 892 3834 virtute
924 3768 1060 3848 occulta,
1085 3767 1300 3854 propinquius
1331 3789 1412 3834 auro
1514 3776 1519 3784 '

364 3894 462 3957 quam
495 3871 619 3957 aliquid
650 3869 749 3935 aliusl
794 3869 840 3936 Et
873 3870 943 3955 ejus
975 3868 1127 3934 conflatio
1160 3873 1195 3932 ct
1228 3867 1413 3953 purificatio

363 3974 449 4038 fiunt
478 3994 537 4060 per
565 3972 744 4059 plumbum,
767 3975 807 4035 ut
837 3971 943 4036 omnis
971 3969 1111 4035 materia
1132 3969 1257 4033 vilioris
1287 3969 1413 4033 metalli
1466 3972 1469 3979 ’

363 4080 531 4159 separetur
563 4074 606 4137 ab
635 4094 683 4151 eo,
717 4072 803 4138 sicut
832 4072 958 4136 dictum
991 4075 1042 4136 est
1078 4070 1118 4134 de
1151 4090 1239 4134 auro.
1288 4069 1413 4155 Opera·

364 4177 470 4240 tiones
504 4175 574 4260 ejus
598 4196 711 4261 pauore
742 4174 952 4260 assignantur
980 4173 1017 4236 in
1039 4170 1132 4236 libris
1154 4170 1331 4257 Alkymiae,
1355 4171 1413 4236 sed

363 4277 535 4341 Aviccnns
563 4277 704 4342 secundo
730 4275 811 4341 dicit
838 4272 1073 4360 Metaphysicae
1099 4273 1188 4358 quod
1217 4271 1412 4338 confortatio

362 4378 431 4462 ejus
469 4376 594 4442 confert
631 4377 741 4443 foetori
773 4377 838 4442 oris
869 4379 904 4441 ει
935 4375 1051 4441 terrori
1082 4375 1195 4454 cordis,
1219 4379 1254 4439 et
1285 4373 1411 4440 confert

361 4478 523 4544 anhelitui
561 4483 595 4543 et
631 4478 762 4563 pectori.
829 4476 916 4543 Sunt
953 4476 1023 4561 ejus
1062 4475 1182 4562 species
1219 4479 1295 4553 tres,
1333 4498 1409 4540 nam

360 4602 429 4643 unu
462 4585 512 4646 εει
546 4580 706 4644 naturalis
736 4584 770 4644 ει
800 4577 840 4642 fit
869 4579 905 4641 in
935 4582 1050 4644 ventre
1080 4581 1186 4656 terres,
1217 4582 1256 4642 ut
1285 4577 1409 4642 dictum
