3586 5640
458 765 503 830 44
823 776 951 828 soomu
974 775 1119 831 saccum
1420 762 1509 854 [car.

458 951 664 1039 prolongatio
686 951 766 1017 vitae
788 950 951 1033 humanae,
989 957 1023 1017 et
1056 951 1170 1020 multae
1193 952 1289 1034 aliae;
1326 973 1404 1017 nam
1442 953 1511 1020 haee

458 1053 580 1119 veritos
618 1058 668 1118 cst
704 1053 740 1118 in
773 1052 926 1118 terminis
947 1053 1126 1132 medicina,
1159 1055 1216 1120 sed
1249 1075 1419 1140 nunquam
1456 1076 1511 1121 ars

458 1154 629 1222 medicinae
674 1175 709 1220 se
747 1154 899 1221 extendit
932 1155 975 1221 ad
1011 1155 1097 1222 hano
1145 1155 1329 1235 veritatem,
1368 1176 1428 1222 nec
1460 1163 1510 1223 est

457 1256 584 1344 aliquid
606 1256 648 1322 de
661 1256 723 1322 hoc
744 1256 781 1321 in
801 1255 895 1323 libris
917 1256 1098 1324 medicinae.
1140 1256 1207 1324 Sed
1229 1257 1510 1346 experimentator

457 1358 563 1425 fidelis
596 1357 816 1425 consideravit
847 1358 1001 1445 aquilam,
1024 1365 1059 1426 et
1081 1380 1223 1438 cervum,
1249 1365 1285 1426 at
1315 1364 1508 1447 serpentem,

457 1466 492 1527 et
513 1461 696 1549 phoenioem
734 1465 769 1526 at
790 1460 898 1526 multa
928 1460 1122 1548 prolongare
1159 1461 1264 1528 vitam
1288 1466 1323 1528 et
1352 1483 1510 1528 renovare

452 1563 674 1649 juventutem,
696 1567 731 1627 et
752 1561 814 1628 soit
836 1562 925 1648 quod
947 1562 1018 1628 hac
1034 1563 1158 1629 dantur
1178 1562 1286 1630 brutis
1305 1564 1349 1629 ad
1370 1563 1509 1631 instruo-

456 1665 581 1732 tionem
611 1663 775 1745 hominia;
798 1664 1043 1752 propterquod
1065 1664 1269 1753 excogitavit
1290 1664 1362 1732 vias
1384 1666 1509 1732 nobiles

455 1769 499 1834 ad
521 1768 590 1846 hoo,
613 1771 650 1833 et
664 1766 768 1854 jussit
789 1765 936 1833 alkimiae
958 1765 1110 1853 practicae
1132 1788 1317 1855 praeparare
1338 1766 1370 1834 ei
1392 1789 1509 1855 corpus

454 1870 590 1957 aequalis
618 1867 865 1956 complexionis,
898 1874 939 1935 ut
969 1868 1023 1934 hie
1054 1869 1337 1957 experimentator
1360 1875 1509 1935 uteretur

455 1994 501 2040 eo.
548 1971 637 2037 Nam
659 1970 729 2038 haec
751 1970 888 2037 seientia
918 1992 953 2037 se
978 1969 1081 2057 habet
1102 1972 1145 2039 ad
1167 1992 1280 2038 omnes
1301 1970 1392 2051 alios,
1423 1971 1509 2038 siout

455 2075 686 2163 navigatores
708 2072 809 2140 habet
831 2072 875 2138 ad
897 2077 1180 2160 carpentatorem3
1203 2072 1256 2141 cui
1277 2073 1427 2162 praecipit
1449 2095 1507 2139 na-

454 2177 585 2264 vigator
607 2183 646 2242 ut
667 2175 767 2242 faciat
782 2176 813 2240 ei
827 2197 956 2255 navem,
980 2197 1054 2261 quae
1076 2177 1176 2243 debet
1199 2174 1270 2258 uti3
1292 2181 1328 2243 et
1349 2176 1435 2243 siout
1455 2199 1509 2243 ars

455 2279 609 2344 militaris
622 2276 771 2365 praecipit
785 2276 897 2346 fabrili
911 2283 951 2343 ut
971 2277 1072 2345 iaciat
1092 2277 1124 2344 ei
1146 2301 1247 2360 arma,
1271 2279 1392 2366 quibus
1412 2278 1508 2346 novit

455 2381 508 2445 uti
529 2380 632 2459 miles,
655 2385 689 2445 et
711 2400 779 2444 non
800 2378 899 2443 faber.
945 2378 991 2444 Et
1013 2380 1098 2445 hanc
1120 2381 1405 2468 prolongationem
1426 2381 1508 2450 vitae

454 2502 631 2569 prosequor
645 2479 682 2544 in
696 2484 841 2547 tractatu
858 2478 955 2545 istius
976 2480 1132 2560 scientias,
1155 2503 1230 2548 cum
1252 2483 1327 2549 aliis
1348 2485 1509 2572 exemplis

454 2583 657 2670 quibusdam

285 2693 330 2812 241
322 2694 412 2814 effi
499 2684 612 2752 Tertia
640 2704 720 2750 vcro
750 2682 897 2770 dignitas
919 2682 1018 2750 istius
1039 2683 1188 2752 scientiae
1218 2689 1277 2764 est,
1301 2683 1390 2771 quod
1419 2683 1500 2751 non'

284 2787 570 2897 memeqaffissipil
601 2786 760 2854 veritates
786 2785 823 2851 in
845 2785 998 2852 terminis
1028 2785 1169 2852 aliarum
1199 2785 1420 2867 scientiarum,
1444 2788 1503 2853 sed

285 2895 343 2947 uia
452 2897 564 2959 tamen
601 2890 709 2958 utitur
744 2888 792 2955 eis
829 2888 915 2956 sicut
947 2887 1083 2955 ancillis
1138 2887 1185 2954 Et
1206 2889 1277 2954 haec
1298 2910 1374 2975 pars
1406 2887 1505 2975 hujus

451 2994 599 3062 scientiae
636 2991 798 3060 extendit
826 3014 861 3059 se
898 2992 941 3057 ad
974 2989 1197 3080 cognitionem
1234 2989 1431 3071 futurorum,
1470 2994 1505 3057 et

451 3098 494 3163 ad
528 3097 751 3184 operationem
781 3094 983 3161 mirabilium
1017 3114 1153 3180 operum
1187 3096 1316 3159 naturae
1347 3095 1382 3158 et
1413 3092 1503 3158 artis

452 3198 503 3264 De
540 3199 601 3264 hac
634 3198 722 3263 enim
760 3196 947 3284 cognitione
984 3194 1068 3261 dicit
1105 3192 1304 3260 Ptolemaeus
1341 3193 1379 3259 in
1416 3193 1503 3260 libro

451 3299 493 3365 de
525 3298 749 3385 Dispositione
788 3294 973 3384 Sphaeraez⁹
1006 3295 1126 3362 certior
1158 3301 1210 3362 est
1247 3294 1306 3360 via
1331 3294 1504 3383 judicandi

451 3402 491 3468 do
513 3401 633 3467 arturis
655 3420 755 3486 quam
777 3421 836 3486 per
865 3398 1100 3466 astronomiam
1111 3421 1121 3478 ;
1151 3402 1186 3464 et
1207 3397 1270 3465 hoc
1292 3403 1342 3464 est
1364 3421 1423 3486 per
1445 3423 1503 3466 ex-

449 3501 654 3591 perientiam,
676 3522 773 3586 super
796 3521 896 3586 quam
910 3499 1105 3566 Aristoteles
1120 3499 1242 3566 nobilis
1263 3500 1421 3569 fundatus
1443 3509 1503 3582 cst,

449 3610 485 3672 et
507 3603 613 3671 multa
638 3603 739 3669 turba
764 3602 911 3669 fidelium
943 3601 1220 3690 philosophorum,
1243 3607 1278 3670 et
1299 3603 1426 3670 domini
1447 3605 1502 3692 ju·

449 3707 607 3774 diciorum
630 3711 802 3772 astrorum
847 3704 894 3771 Et
908 3703 1010 3770 habet
1024 3710 1167 3791 quatuor
1188 3705 1341 3772 scientias
1355 3708 1503 3794 proprias

448 3815 484 3876 et
505 3807 660 3896 magnas³
673 3808 715 3874 de
729 3807 795 3873 ista
816 3805 1011 3894 cognitione
1050 3806 1179 3874 Deinde
1194 3807 1231 3874 in
1244 3808 1387 3874 secunda
1407 3814 1502 3895 parte

449 3913 544 3979 docet
566 3909 785 3999 experientias
816 3908 920 3976 totius
951 3908 1181 3996 possibilitatis
1203 3915 1331 3975 naturae
1353 3909 1499 3975 startia

448 4014 495 4079 Et
518 4012 603 4081 sicut
624 4012 731 4100 logica
761 4011 857 4079 docet
881 4009 1098 4098 proprietates
1125 4009 1293 4098 sophistici
1314 4009 1500 4097 argumenti

448 4122 488 4182 ut
520 4115 680 4193 vitentur,
718 4114 765 4179 sio
801 4113 872 4180 haec
909 4112 1046 4180 scientia
1083 4112 1227 4179 revolvit
1264 4133 1376 4178 omnes
1413 4117 1500 4179 artes

481 4522 565 4587 'quod
580 4521 640 4588 noa]
660 4521 690 4573 T.
711 4520 786 4571 omits
804 4537 866 4579 noae
883 4535 939 4584 qum
950 4534 1009 4580 non,
1025 4518 1056 4569 B.
1073 4517 1103 4567 L.

479 4602 530 4651 'de
547 4599 716 4668 Dispositioac
737 4597 860 4665 Sploeroe]
881 4599 913 4648 dc
930 4597 1040 4663 Sphaerm
1051 4593 1229 4660 Disputare,
1246 4594 1277 4645 T.

479 4681 614 4750 'ownia'
629 4686 654 4733 ι*
669 4678 786 4747 new]
802 4693 907 4746 mgna
923 4685 949 4728 a
963 4675 1084 4744 earm
1101 4675 1131 4728 Τ·
