3586 5640
785 774 873 823 orus
894 774 1012 826 uncus.
1357 760 1420 828 :3³1

372 943 508 1011 sentiae.l
577 944 667 1011 Nam
713 945 802 1012 modi
847 944 1079 1030 probationum
1124 945 1177 1010 hic
1214 948 1421 1012 concinnunt

372 1044 474 1111 Marci
496 1047 599 1132 igitur
626 1047 735 1133 capito
758 1051 874 1113 octavo
899 1047 984 1132 [38]
1008 1067 1077 1114 non
1099 1046 1221 1112 dieitur
1251 1067 1327 1123 esse,
1352 1043 1423 1126 Qaa'

370 1169 422 1212 cea
445 1148 615 1233 coufessus
639 1148 784 1234 faerit:
807 1149 865 1214 sed
896 1149 961 1213 alia
995 1149 1093 1213 litera
1125 1147 1289 1213 modernis
1319 1147 1424 1213 horri-

370 1249 505 1314 biliter²
550 1256 685 1338 propter
730 1250 954 1337 ignorantiam
1000 1251 1148 1335 antiquar
1192 1248 1423 1335 grammaticas.

373 1351 462 1416 Nam
490 1351 589 1418 debet
623 1352 671 1418 ibi
702 1373 780 1429 esse,
805 1350 876 1433 Qui
907 1373 961 1418 cae
984 1350 1099 1436 faerit
1130 1350 1302 1435 confusas,
1336 1351 1424 1436 quod

373 1459 424 1517 est
461 1455 601 1519 verbum
639 1455 813 1540 deponens,
853 1454 977 1518 habens
1016 1453 1288 1539 significationem
1325 1451 1424 1536 hujus

371 1554 467 1620 verbi
508 1555 690 1641 confundo,
730 1557 816 1622 siout
854 1555 961 1621 adhuc
999 1576 1113 1620 omnes
1162 1554 1340 1640 experiunt
1387 1553 1445 1618 in·

374 1656 543 1741 Scriptura
568 1658 638 1724 haec
664 1659 766 1725 verba
787 1657 855 1725 zelo
870 1656 957 1723 zelor
979 1655 1016 1724 in
1038 1658 1152 1723 eadem
1175 1655 1422 1743 significatione,

373 1759 461 1823 unde
492 1759 538 1825 sio
571 1761 696 1825 solebat
733 1782 802 1826 esse
840 1759 882 1823 de
920 1757 1094 1844 confundo
1131 1763 1165 1823 et
1202 1755 1423 1843 cmafaacdor:

372 1858 460 1924 idem
498 1860 586 1926 enim
624 1862 812 1948 antiquitus
846 1859 1087 1946 significabant
1164 1858 1231 1927 Sed
1275 1857 1424 1925 moderni

373 1981 440 2027 non
482 1962 607 2027 habent
644 1963 705 2027 hoc
742 1963 779 2028 in
816 1983 886 2028 usu
960 1960 1005 2025 Et
1043 1961 1117 2027 ideo
1155 1958 1371 2026 abraserunt³
1403 1981 1425 2026 a

374 2062 473 2128 Sacro
507 2064 635 2129 Texta:
677 2062 748 2144 Qui
786 2083 838 2130 me
872 2061 1034 2148 corifasiae
1064 2061 1206 2148 sueram
1239 2067 1273 2128 et
1310 2073 1426 2147 posue·

373 2169 462 2243 runt,
500 2162 570 2244 Qui
602 2164 772 2249 confessae
802 2162 916 2249 suerit
949 2184 1009 2229 me.
1067 2161 1134 2230 Sed
1166 2164 1255 2247 quod
1285 2162 1426 2248 pessima

373 2265 418 2328 sit
452 2264 579 2330 falsitas
610 2266 712 2350 probo
742 2267 812 2331 sine
834 2264 1091 2331 contradictione
1122 2264 1275 2351 possibili
1335 2262 1425 2329 Nam

375 2367 523 2451 antiquae
546 2365 665 2432 Biblise
687 2388 755 2433 non
776 2367 927 2453 glossatae
950 2366 985 2430 in
1015 2371 1087 2433 tota
1118 2367 1252 2434 eeclesia
1279 2365 1344 2432 Dei
1366 2366 1425 2434 ha·

374 2468 455 2532 bent
472 2468 658 2535 Maaviii:
679 2467 748 2549 Qut
770 2485 823 2534 rac
845 2465 1011 2553 colafum
1024 2466 1161 2553 faerit·
1184 2468 1272 2537 idem
1288 2466 1351 2553 qai
1372 2487 1425 2538 me

375 2568 569 2655 corcfucadct,
585 2570 673 2656 quod
695 2575 746 2635 est
767 2569 969 2636 contrarium
991 2569 1061 2654 ejus
1082 2569 1172 2654 quod
1195 2575 1246 2635 est
1268 2568 1424 2637 confiteri.

375 2671 421 2737 Et
443 2672 652 2758 Augustinus
674 2672 755 2738 dicit
780 2677 897 2738 contra
920 2669 1105 2748 santum*
1127 2672 1215 2756 quod
1237 2672 1266 2737 si
1289 2676 1340 2739 est
1361 2670 1426 2738 dis

372 2774 482 2842 cordia
507 2774 544 2839 in
566 2774 731 2841 codicibus
767 2773 907 2851 Latinis,
940 2773 1176 2839 recurrendum
1199 2775 1315 2839 estad
1337 2771 1425 2841 anti·

373 2898 453 2960 quos
485 2879 519 2942 et
540 2877 658 2962 plures.
709 2875 803 2942 Nam
825 2875 958 2960 antiqui
993 2879 1231 2960 praeponuntur
1260 2876 1364 2951 novis,
1388 2877 1425 2939 et

373 2979 482 3063 plures
504 2978 623 3063 paucis,
648 2977 734 3042 sieut
756 2976 804 3041 ibi
827 2975 915 3042 dicit.
962 2973 1029 3039 Sed
1059 2994 1163 3037 unum
1185 2974 1353 3058 exemplar
1374 2979 1425 3040 est

374 3077 563 3153 Parisiense,
595 3084 628 3144 et
660 3078 800 3162 antiqua
829 3074 1030 3160 exemplaria
1069 3074 1248 3139 secundum
1278 3074 1424 3143 diversas

372 3179 558 3263 provincias
592 3184 671 3244 sunt
709 3177 850 3245 infinita.
923 3176 1011 3260 Ergo
1045 3176 1212 3261 exemplar
1243 3177 1424 3245 Parmense

374 3279 474 3343 debet
504 3281 615 3345 cedere
637 3278 792 3363 antiquis,
816 3283 889 3342 tum
911 3278 1038 3342 ratione
1069 3299 1137 3343 suas
1158 3279 1327 3358 novitatis,
1350 3284 1424 3348 tum

374 3379 502 3444 ratione
537 3400 605 3444 susa
638 3378 886 3465 singularitatis,
910 3379 989 3464 quia
1017 3378 1054 3445 in
1084 3380 1226 3446 veritate
1248 3381 1425 3469 singularis

374 3481 441 3545 fere
464 3486 514 3544 est
538 3502 612 3565 quse
634 3480 796 3566 depravat
811 3480 987 3547 veritatem
1010 3480 1114 3548 totius
1129 3481 1315 3568 Scripturas.
1354 3484 1424 3552 An-

375 3581 462 3665 tiqui
486 3581 573 3645 enim
596 3581 673 3646 libri
696 3587 775 3648 sunt
804 3581 841 3646 in
872 3581 962 3647 omni
984 3582 1142 3649 facultate
1172 3587 1360 3666 veraciores,
1391 3591 1427 3651 et

374 3685 410 3748 in
433 3682 599 3768 theologia
628 3682 728 3749 habet
759 3683 1010 3751 translationem
1037 3684 1210 3764 illibatam,
1246 3708 1345 3771 quam
1376 3709 1425 3754 re-

375 3785 456 3870 cipit
478 3790 683 3851 sacrosancta
706 3785 854 3853 Romana
885 3784 1027 3876 ecclesia,
1052 3785 1213 3866 videlicet,
1236 3808 1294 3872 per
1315 3809 1426 3855 omncs

375 3886 525 3952 ecclesias
560 3886 713 3965 derivari,
737 3908 811 3972 quse
832 3892 883 3955 ast
913 3886 1088 3954 translatio
1111 3886 1317 3974 Hieronymi,
1341 3889 1427 3958 sicut

375 3989 522 4081 Isidorus
545 3988 626 4055 dicit
648 3989 684 4054 in
715 3989 799 4054 libro
824 3989 876 4054 Dc
899 3984 1048 4056 officior

408 4259 480 4324 ¹pr⁰
508 4259 575 4308 1³⁰⁸ss
602 4259 799 4326 masnillcmfoel
830 4277 876 4326 1³¹⁰
959 4282 1137 4351 ’struxeram
1162 4283 1247 4351 Hody.
1281 4284 1426 4340 abraserunt

375 4339 446 4388 bouis
458 4338 573 4402 mtssssiae,
586 4338 650 4398 MSo
662 4339 795 4406 0b¹l⁰¹¹⁸15
806 4355 876 4391 ”me
925 4378 983 4421 eum,
995 4360 1051 4412 MS.

374 4417 493 4477 blunders
519 4416 629 4482 possibly
657 4418 696 4472 ‘⁰1
721 4437 770 4484 ΡΜ
795 4428 876 4470 vasa
958 4439 1110 4509 *Faustum
1130 4442 1214 4495 mii.
1228 4445 1366 4499 isariae.

374 4495 559 4560 mqsifiemtia.
571 4497 874 4562 Hodyomitsthssrords.
960 4518 970 4548 ι
979 4519 1022 4571 120
1036 4518 1146 4589 officia]
1165 4522 1181 4573 ι,
1194 4528 1232 4575 12,

410 4574 588 4642 ²torritiliter]
608 4581 736 4629 corrected
754 4581 788 4644 by
799 4580 876 4645 Hody

377 4653 522 4704 totomiliis.
