3586 5640
726 810 813 862 orus
835 811 953 864 11111116
1299 798 1365 866 389

310 981 466 1048 litteralis
502 1004 563 1048 666
599 983 705 1049 solum
742 1006 802 1051 666
838 985 1062 1074 principaliter
1098 987 1267 1073 quaeritur,
1307 990 1365 1054 sed

310 1083 433 1170 triplex
465 1107 578 1151 sensus
610 1086 798 1172 spiritualis,
822 1087 1024 1174 allegoricus,
1055 1088 1197 1166 moralis,
1220 1094 1254 1153 et
1286 1111 1364 1155 ana-

310 1187 452 1272 gogicus,
477 1188 534 1272 qui
557 1186 671 1253 haberi
702 1210 771 1253 non
804 1195 943 1275 possunt
965 1190 1029 1254 nisi
1052 1212 1111 1276 per
1132 1191 1365 1256 convenientes

310 1287 543 1355 similitudines
565 1294 600 1356 et
614 1311 774 1378 congruas
789 1292 1019 1378 adaptationes
1042 1297 1191 1377 sumptas
1210 1314 1252 1357 ex
1268 1314 1365 1358 sensu

310 1389 456 1469 litterali,
480 1391 566 1457 sicut
599 1392 694 1458 docet
715 1391 924 1479 Augustinus
957 1393 1100 1459 secundo
1131 1393 1182 1458 De
1205 1392 1366 1458 Doctrina

313 1490 511 1573 Christiana,
534 1493 570 1557 in
604 1493 763 1582 exemplis
785 1495 923 1576 multis;
946 1499 986 1562 ut
1017 1496 1058 1561 (16
1090 1499 1250 1581 serpente,
1278 1495 1365 1561 sicut

311 1594 402 1678 prius
423 1595 529 1682 tetigi,
544 1595 585 1661 (16
601 1595 730 1683 hissopo
752 1602 787 1663 et
809 1598 850 1664 (16
872 1598 962 1676 iride,
980 1602 1014 1663 et
1036 1598 1077 1663 (16
1093 1596 1245 1662 omnihus
1268 1596 1365 1663 rebus

311 1697 526 1775 naturalibus,
549 1698 784 1781 artificialibus,
808 1703 843 1765 ct
874 1699 1057 1773 moralibus
1087 1722 1160 1786 quae
1194 1704 1365 1785 ponuntur

311 1797 346 1861 in
370 1797 548 1885 Scriptura.
596 1799 642 1865 Et
663 1801 710 1866 sic
740 1802 843 1867 currit
865 1803 1028 1888 expositio
1054 1805 1127 1868 tota
1149 1801 1362 1888 antiquorum

310 1902 496 1987 sapientum
528 1907 563 1967 et
585 1907 780 1982 sanctorum,
805 1909 844 1969 ut
866 1910 960 1990 patet
982 1906 1018 1969 in
1041 1904 1194 1970 omnibus
1220 1905 1363 1991 origina-

310 2002 397 2069 libus
428 2009 464 2070 st
494 2004 618 2092 glossis.
666 2005 753 2086 Quia
783 2005 888 2093 igitur
909 2006 1098 2092 hujusmodi
1129 2007 1290 2093 expositio
1313 2012 1364 2072 est

310 2107 489 2172 sectmdum
526 2107 598 2171 vias
635 2111 822 2173 sanatorum
860 2112 895 2173 et
932 2113 984 2174 661
1020 2107 1153 2195 propria
1183 2107 1362 2194 Scripturas

309 2208 533 2295 intelligendae
555 2207 745 2274 litteraliter
766 2208 1052 2295 et.spi1itualiter‚
1069 2209 1142 2274 ideo
1164 2229 1231 2274 non
1254 2213 1363 2295 potest

310 2309 408 2374 homo
445 2309 572 2395 aliquid
610 2310 746 2397 dignum
784 2311 821 2375 in
850 2309 1022 2398 Scriptura
1059 2311 1148 2391 scira,
1176 2310 1241 2375 nisi
1278 2311 1363 2377 sciat

308 2418 445 2477 naturas
482 2416 518 2477 et
561 2413 778 2499 proprietates
816 2412 965 2478 omnium
1001 2433 1120 2490 rerum,
1151 2434 1220 2477 non
1257 2411 1362 2477 solum

308 2515 508 2580 naturalium
534 2514 714 2580 sedetiam
729 2514 952 2581 artificialium
975 2519 1011 2580 at
1032 2514 1214 2579 moralium.
1261 2513 1362 2580 Unde

308 2622 439 2705 oportet
477 2617 565 2703 quod
602 2618 700 2682 homo
744 2616 842 2682 valde
887 2617 970 2682 bene
1016 2617 1099 2682 sciat
1144 2616 1362 2703 proprietates

307 2722 469 2786 virtutum
492 2724 526 2784 et
541 2719 698 2785 vitiorum
720 2719 898 2785 secundum
920 2719 1009 2805 quod
1026 2717 1210 2804 philosophi
1233 2718 1359 2784 docent.

309 2823 354 2888 Et
376 2824 450 2888 ideo
482 2823 523 2887 (16
545 2821 597 2886 his
619 2820 724 2887 scribo
756 2822 907 2908 exempla
929 2819 1057 2907 copiose
1088 2821 1124 2884 in
1146 2820 1247 2885 tertia
1268 2827 1361 2906 parte

306 2925 438 2990 moralis
460 2922 680 3011 philosophias.

367 3028 404 3093 Si
449 3026 554 3114 igitur
591 3024 781 3090 sciverimus
818 3024 966 3089 omnium
1000 3044 1110 3088 rerum
1142 3023 1360 3110 proprietates

307 3135 386 3194 tunc
408 3130 603 3214 scripturam
626 3127 763 3191 sciemus
786 3133 820 3192 61
842 3125 1081 3213 philosophiam
1096 3129 1219 3207 totam3
1246 3131 1280 3192 et
1303 3149 1361 3214 per

306 3253 505 3315 consequens
542 3234 649 3294 totam
683 3228 879 3315 sapientiam
913 3227 1060 3294 divinam
1091 3233 1126 3294 61
1157 3229 1358 3313 humanam;

306 3339 341 3398 et
363 3333 423 3397 hoc
445 3331 542 3396 simul
573 3336 609 3396 et
630 3330 738 3407 semel,
762 3330 841 3416 quia
874 3331 909 3395 in
934 3353 1031 3396 sensu
1065 3329 1201 3397 litterali
1234 3355 1293 3420 per
1323 3355 1357 3399 66

307 3435 437 3499 sciendo
463 3433 582 3498 scimus
612 3432 807 3519 sapientiam
837 3432 1058 3520 philosophias.
1106 3433 1272 3514 Quoniam
1302 3436 1357 3503 illa

306 3558 419 3602 sensus
460 3534 599 3620 requirit
643 3538 720 3599 actu
756 3533 933 3599 veritatem
969 3533 1017 3599 rei
1066 3534 1242 3621 cujuslibet
1254 3563 1263 3617 ;
1300 3538 1358 3603 sed

306 3636 510 3726 philosophia
541 3636 626 3700 hanc
659 3635 817 3701 certificat
849 3641 885 3700 61
915 3635 1102 3721 investigat,
1126 3658 1186 3701 nec
1217 3638 1358 3723 amplius

306 3746 415 3828 potest
445 3740 557 3805 facere.
603 3738 669 3804 Sed
710 3759 821 3803 sensus
858 3736 1040 3823 spiritualis
1073 3737 1181 3801 utitur
1215 3739 1357 3805 veritato

305 3848 463 3909 creaturae
510 3862 609 3927 quam
658 3837 862 3927 philosophia
899 3843 935 3904 61
971 3859 1085 3903 sensus
1131 3838 1284 3904 litteralis
1326 3842 1356 3904 ei

305 3947 482 4012 ministrat.
529 3944 575 4008 Et
612 3943 673 4008 hoc
709 3941 785 4007 volo
822 3963 909 4006 nunc
942 3940 1086 4006 innuere.
1133 3938 1178 4004 Et
1216 3946 1359 4026 ponatur

305 4071 423 4116 aurum
444 4048 482 4114 in
504 4045 700 4133 exemplum.
747 4043 830 4110 Dico
853 4043 958 4131 igitur
980 4042 1099 4129 quod.
1146 4091 1153 4106 .
1198 4040 1230 4107 ‚¹

339 4405 415 4456 ¹'l'hc
440 4404 522 4456 scribe
542 4403 603 4456 ends
620 4401 679 4455 11616
696 4401 820 4468 abruptly.
855 4397 882 4449 A
902 4397 1002 4450 60166111
1023 4397 1072 4448 aad
1092 4412 1108 4449 a
1125 4395 1281 4450 1611011116
1298 4391 1354 4448 MS·

307 4484 416 4537 remains
427 4485 513 4536 blank.
807 4511 808 4515 =
