3586 5640
613 822 678 884 454
992 838 1121 887 nocam
1144 837 1290 888 maome
1580 827 1672 912 [car.

611 1013 838 1098 expositione3
870 1019 905 1081 et
936 1016 1030 1101 quasi
1062 1038 1159 1103 super
1181 1016 1334 1081 omnibus
1355 1016 1429 1081 istis
1451 1016 1547 1082 vitiis
1569 1019 1671 1085 simul

612 1115 771 1182 laborant.

658 1217 794 1282 Ptisane
830 1223 881 1283 est
911 1241 963 1284 res
994 1221 1176 1285 communis
1207 1221 1243 1285 in
1279 1242 1341 1285 usu
1364 1220 1594 1302 infirmorum
1634 1227 1671 1290 et

544 1336 550 1348 ·
611 1325 662 1385 est
684 1342 797 1385 succus
828 1322 918 1387 ordei
948 1323 1071 1387 decocti
1094 1324 1130 1387 in
1152 1344 1245 1408 aqua,
1269 1323 1339 1388 sive
1362 1323 1485 1401 melius,
1513 1345 1600 1410 aqua
1632 1327 1672 1392 in

612 1444 678 1508 qua
717 1423 912 1508 decoquitur
948 1426 1091 1505 ordeum,
1136 1448 1210 1511 quae
1248 1426 1349 1490 datur
1393 1425 1669 1494 febricitantibus.

613 1525 659 1589 Et
695 1526 849 1590 scribitur
886 1549 944 1611 per
975 1549 1003 1612 p
1040 1528 1077 1591 in
1113 1527 1283 1613 principio,
1322 1534 1336 1592 t
1366 1527 1464 1592 litera
1500 1535 1669 1614 sequente,

613 1629 697 1693 sicut
720 1628 920 1694 Ptolomaeus
942 1634 976 1693 et
998 1630 1103 1694 multa
1133 1630 1250 1695 Graeca
1272 1629 1432 1694 vocabula
1469 1631 1668 1698 scribuntur.

615 1731 711 1810 Quod
744 1751 822 1794 vero
855 1731 902 1795 sic
938 1731 1103 1796 scribatur
1135 1736 1229 1818 patet
1260 1753 1318 1817 per
1339 1731 1442 1795 libros
1465 1731 1597 1799 Graeoos
1632 1735 1669 1799 in

614 1833 733 1919 quibus
764 1833 812 1897 sic
845 1833 1007 1911 scribitur,
1041 1839 1076 1898 et
1107 1855 1166 1920 per
1199 1855 1311 1898 omnes
1346 1833 1501 1918 antiquas
1532 1834 1668 1915 Biblias‚

612 1940 647 1999 et
680 1934 760 1998 alios
792 1936 902 1999 libros.
948 1935 993 2000 Et
1030 1935 1131 2001 habet
1168 1935 1309 2000 mediam
1340 1941 1530 2022 correptam.
1576 1936 1668 2004 Nam

612 2033 739 2103 Maoer¹
764 2037 845 2102 dicit
867 2040 903 2102 in
925 2037 1009 2103 libro
1033 2038 1239 2104 Herbarum:

679 2237 797 2303 “Cum
819 2238 950 2324 ptisana
972 2257 1103 2301 succum
1125 2236 1214 2323 porri
1237 2235 1367 2302 sorbere
1385 2234 1521 2321 juvabit
1532 2234 1560 2316 ;''

611 2417 645 2478 et
667 2433 726 2497 per
748 2411 935 2488 Horatium,
960 2412 1019 2496 qui
1041 2410 1142 2476 dicit:

656 2606 673 2634 “
689 2598 740 2664 nr
762 2621 874 2680 cessas,
897 2598 1047 2687 agedum,
1070 2621 1162 2666 sume
1189 2599 1250 2664 hoc
1272 2599 1491 2688 ptisanarium
1514 2601 1652 2688 oryzae.'’

610 2779 676 2860 Qui
702 2799 817 2843 versus
843 2777 941 2842 debet
967 2777 1014 2842 sic
1040 2777 1160 2856 scandi,
1191 2782 1230 2842 ut
1260 2777 1380 2843 ultima
1409 2779 1536 2864 syllaba
1565 2779 1667 2865 hujus

538 2950 540 2953 ,
609 2881 763 2948 dictionis
789 2879 1035 2968 ptisanarium
1064 2879 1231 2944 auferatur
1261 2880 1375 2959 solum,
1407 2902 1497 2946 more
1523 2883 1666 2968 poetico,

609 2990 649 3050 ut
690 2985 737 3048 sic
777 2984 906 3050 dicatur
932 2982 1116 3069 plicaturi
1139 3004 1254 3068 oryza.
1302 2982 1347 3047 Et
1377 2983 1423 3048 sic
1455 2989 1548 3070 patet
1574 2986 1665 3070 quod

609 3089 684 3152 duae
724 3089 839 3174 primae
879 3085 1017 3171 syllabae
1057 3085 1259 3161 breviantur,
1287 3088 1322 3149 et
1357 3085 1427 3150 haec
1467 3085 1593 3170 syllaba
1623 3110 1665 3153 eo

608 3190 781 3254 breviatur
817 3189 881 3269 hic,
917 3194 951 3253 et
984 3211 1042 3273 per
1080 3208 1280 3272 consequens
1320 3187 1418 3252 debet
1455 3188 1598 3252 breviari
1628 3189 1666 3254 in

607 3292 668 3355 hoc
692 3293 825 3355 nomine
848 3289 1004 3376 ptisana.
1053 3288 1118 3354 Sed
1142 3289 1235 3353 Brito
1258 3296 1346 3354 errat
1370 3289 1406 3352 in
1430 3295 1568 3375 utroque
1592 3291 1607 3375 j

608 3394 702 3458 dicte.
750 3392 839 3457 Nam
874 3392 955 3456 dicit
981 3391 1068 3477 quod
1106 3392 1176 3456 haec
1207 3391 1308 3456 dictio
1342 3391 1459 3478 incipit
1488 3414 1547 3477 per
1576 3400 1597 3469 t,
1630 3402 1667 3460 et

607 3495 757 3580 sequitur
780 3495 796 3560 i
823 3495 928 3574 litera,
963 3501 997 3558 et
1023 3499 1137 3579 postea
1166 3515 1202 3580 p,
1227 3500 1267 3558 ut
1294 3495 1421 3559 dicatur
1454 3493 1604 3579 ripaeos,
1629 3504 1666 3562 et

609 3622 650 3665 ex
677 3599 784 3663 medio
811 3597 1009 3684 producitur.
1057 3595 1122 3660 Sed
1149 3619 1216 3660 non
1246 3596 1365 3682 probat
1389 3596 1448 3660 hoc
1478 3598 1542 3660 nisi
1573 3600 1664 3682 quod

440 3709 590 3766 Alexander
609 3702 738 3767 inducit
775 3699 1002 3766 Alexandrum
1030 3697 1209 3783 Necquam,
1256 3721 1315 3785 pro
1353 3699 1549 3778 testimonio,
1582 3703 1663 3784 quia

439 3777 575 3833 Nem·
609 3805 675 3869 aa
699 3804 814 3869 simois
838 3803 868 3866 ei
893 3803 928 3865 in
954 3801 1162 3878 falsitatibus,
1187 3801 1245 3885 qur
1273 3802 1371 3865 aaa

753 4007 769 4032 “
794 3997 922 4062 Cortice
945 3995 1070 4059 nudato
1093 3994 1240 4079 tipsanas
1266 3993 1364 4057 ordea
1389 3993 1504 4058 dicas.”

608 4186 663 4248 Ex
696 4206 802 4248 errore
832 4181 1015 4245 Alexandri
1046 4180 1117 4264 ipse
1147 4179 1251 4264 gratis
1279 4179 1349 4242 sine
1371 4179 1499 4242 ratione
1529 4185 1563 4242 et
1589 4180 1661 4245 sine

607 4287 803 4350 auctoritate
837 4289 931 4348 errat.
992 4283 1039 4346 Et
1070 4281 1187 4345 incidit
1226 4282 1391 4346 occasione
1428 4282 1465 4344 in
1501 4280 1659 4365 majorem

607 4409 757 4468 errorem,
782 4387 891 4450 dicens
922 4387 1010 4470 quod
1032 4405 1147 4448 versus
1178 4383 1312 4447 Horatii
1343 4383 1440 4447 debet
1465 4383 1576 4448 scandi
1600 4407 1661 4470 per

1000 4595 1360 4603 -u-—m-——m-m

936 4731 942 4757 ¹
957 4729 1059 4793 Macer]
1073 4728 1120 4778 See
1132 4730 1218 4786 above,
1230 4742 1253 4790 p.
1268 4733 1322 4778 237.
