3586 5640
334 773 411 858 vra]
660 791 893 840 connexorum
915 790 1045 840 srunrr.
1322 773 1383 837 461

334 964 520 1030 derivatum
553 966 595 1030 ab
625 964 748 1031 idiotes
777 966 890 1031 Graeco
917 964 1084 1039 vocabula,
1108 967 1142 1028 et
1171 985 1238 1028 non
1270 967 1321 1027 cst
1343 963 1389 1028 sic

314 1055 315 1058 ¹
334 1067 439 1131 modis
461 1067 550 1132 falsis
573 1068 798 1153 compositum,
820 1072 859 1132 ut
881 1065 1056 1153 prophetia
1078 1070 1110 1130 ct
1134 1065 1329 1150 prophetes;
1356 1070 1390 1129 et

334 1167 379 1232 sic
410 1169 450 1233 de
481 1169 602 1234 multis.
649 1168 695 1234 Et
720 1190 787 1233 non
815 1168 920 1233 solnm
945 1167 1028 1231 falsa
1053 1170 1132 1230 sunt
1158 1165 1215 1229 sed
1238 1164 1389 1245 absurda,

334 1274 368 1333 et
390 1271 533 1335 maxime
563 1270 664 1335 tertia
695 1269 894 1356 compositio,
918 1291 985 1354 qua
1011 1266 1123 1333 idiota
1153 1266 1275 1332 dicitur
1297 1267 1390 1352 igno-

333 1391 406 1436 rare
443 1393 566 1437 morem
589 1372 727 1458 propriae
757 1373 874 1459 gentis,
906 1393 980 1436 cum
1003 1369 1078 1435 ideo
1104 1369 1233 1434 dicatur
1262 1369 1317 1448 sic,
1340 1390 1389 1433 se-

335 1472 479 1537 cundum
514 1473 637 1538 Bedam
665 1479 700 1538 et
727 1473 906 1538 secundum
936 1473 1075 1552 Graecos,
1099 1471 1178 1557 quia
1199 1471 1303 1537 nescit
1325 1469 1390 1534 nisi

335 1573 483 1659 linguam
513 1579 548 1640 et
579 1596 685 1641 mores
713 1575 855 1662 propriae
887 1575 1002 1662 gentis.
1049 1573 1095 1639 Et
1117 1579 1277 1660 praeterea
1298 1571 1391 1638 idion

336 1696 402 1740 non
440 1680 491 1741 est
527 1677 704 1764 proprium,
729 1677 786 1742 sed
809 1675 918 1742 idiota
965 1677 1011 1741 Et
1041 1676 1150 1740 minus
1172 1674 1312 1740 absurde
1335 1673 1390 1739 dc

337 1783 425 1842 caret
452 1778 516 1842 sibi
538 1779 626 1865 quod
658 1777 743 1845 idue
774 1783 809 1844 et
831 1776 915 1845 ethis
947 1782 1202 1864 componeretur,
1226 1798 1324 1862 quam
1347 1775 1391 1840 ab

336 1878 450 1956 idion,
480 1881 635 1966 quoniam
657 1886 738 1946 tunc
768 1886 900 1946 sonaret
930 1880 1042 1965 aliquo
1072 1879 1169 1945 modo
1195 1879 1390 1944 divisionem

337 2003 357 2045 a
381 2003 471 2047 more
493 1983 601 2068 gentis
625 1982 679 2048 vel
701 1982 935 2069 ignorantium.

382 2083 461 2148 Non
483 2089 534 2149 est
556 2084 633 2149 finis
659 2085 700 2151 de
724 2084 886 2151 erroribus
907 2084 966 2169 qui
989 2085 1146 2150 dicuntur
1168 2083 1211 2148 ab
1233 2082 1315 2161 istis,
1331 2105 1392 2149 nec

338 2206 469 2270 possum
492 2185 623 2271 singula
645 2191 789 2272 tangere.
836 2184 953 2251 Unum
983 2190 1096 2251 tamen
1130 2185 1236 2250 adhuc
1256 2189 1392 2271 tangam

336 2292 471 2373 propter
504 2287 744 2373 disputationes
772 2287 979 2375 Hugutionis
1005 2291 1040 2352 et
1062 2286 1218 2366 Britonis,
1251 2287 1309 2372 qui
1343 2287 1393 2351 in·

337 2389 473 2452 sauiunt
495 2393 609 2454 contra
629 2390 814 2471 veritatem,
837 2394 872 2456 et
898 2389 1060 2477 praecipue
1083 2389 1187 2466 Erite,
1218 2389 1276 2475 qui
1302 2388 1393 2454 vidc-

337 2496 395 2556 tur
416 2491 523 2556 furere
553 2491 589 2556 in
616 2492 676 2558 hac
706 2498 808 2579 parte
856 2493 917 2558 Est
942 2491 1047 2579 igitur
1080 2513 1192 2558 eorum
1224 2491 1392 2558 contentio

337 2593 373 2656 in
403 2593 572 2659 vocabulis
593 2594 751 2659 derivatis
774 2595 974 2681 alapidibus
997 2599 1031 2660 et
1056 2594 1122 2676 filo,
1146 2600 1186 2660 ut
1209 2593 1392 2660 adamanti-

336 2716 407 2772 nus,
424 2696 677 2782 amethystinae,
693 2697 912 2782 crystallinus,
937 2695 1182 2783 hyacinthinus,
1199 2697 1391 2783 onychinus,

337 2798 571 2885 smaragdinae,
596 2799 822 2885 bombycinus
846 2799 1008 2884 byssinus,
1044 2805 1079 2864 et
1101 2798 1294 2882 hujusmodi,
1320 2821 1393 2882 qum

338 2901 449 2964 omnia
471 2901 666 2966 breviantur
693 2902 728 2965 in
752 2901 935 2987 penultima
966 2900 1102 2985 syllaba.
1159 2899 1248 2963 Nam
1281 2921 1393 2964 omnes

336 3008 484 3067 auctores
499 3002 654 3068 breviant
675 3003 746 3068 lucc
768 3008 803 3067 et
818 3011 987 3088 nunquam
1010 3002 1154 3087 longant
1202 3001 1312 3087 Igitur
1326 3023 1391 3064 non

337 3110 387 3168 est
410 3104 538 3189 poetica
560 3104 693 3169 licentia
724 3103 812 3188 quod
835 3103 959 3190 longat.
1023 3103 1109 3167 Nam
1137 3109 1218 3168 tunc
1240 3109 1290 3168 est
1318 3107 1393 3188 poe'-

337 3204 405 3269 tica
442 3205 575 3269 licentia
612 3227 715 3290 quum
754 3204 789 3268 in
827 3225 903 3268 casu
941 3225 1039 3268 causa
1075 3204 1173 3269 metri
1206 3204 1247 3269 fit
1284 3205 1394 3289 aliqua

338 3305 467 3388 syllaba
489 3305 609 3385 brevis,
626 3307 681 3370 vel
704 3306 812 3392 longa,
828 3327 904 3370 cum
926 3307 1008 3371 alias
1031 3328 1100 3370 non
1123 3307 1314 3372 inveniatur
1336 3308 1393 3387 ita,

339 3404 426 3492 apud
442 3405 582 3471 eundem
606 3411 773 3471 auctorem
796 3413 831 3472 et
853 3408 942 3473 alios.
990 3409 1089 3475 Unde
1105 3408 1130 3476 J
1132 3409 1297 3475 uvenalis¹
1322 3410 1390 3476 nit:

408 3557 425 3582 “
439 3547 605 3614 Causidici
628 3549 783 3617 vendunt
806 3553 1036 3640 amethystina
1059 3553 1220 3619 convenit
1243 3552 1340 3619 illis.''

341 3687 385 3754 Et
407 3689 510 3755 idem:

408 3828 586 3896 “Grandia
607 3831 773 3899 tolluntm·
796 3835 987 3922 crystallina
1008 3836 1155 3902 maxima
1176 3835 1317 3902 rursus’'

339 3964 384 4031 Et
406 3965 509 4032 idem:

429 4118 615 4200 “Quarum
638 4121 771 4189 delicias
794 4146 924 4212 pannus
945 4125 1163 4213 bombycinus
1184 4125 1282 4192 urit.''

340 4257 386 4324 Et
409 4257 561 4325 Persius:
578 4259 592 4297 ³

341 4425 437 4491 “Hic
459 4425 579 4512 aliquis
602 4428 655 4493 cui
677 4429 798 4496 circum
821 4431 973 4497 humeros
987 4432 1203 4520 hyacinthina
1217 4435 1302 4502 laena
1316 4436 1394 4503 est''

374 4663 381 4695 ¹
394 4660 538 4731 Juvenum]
550 4663 595 4718 vii.
609 4669 670 4728 1³63
683 4666 716 4719 vi.
731 4673 785 4732 155,
795 4674 852 4722 26⁰.
883 4668 889 4738 Ι
936 4670 1072 4739 Ῥινείκε]
1090 4672 1107 4725 i.
1120 4678 1160 4728 82.
