3586 5640
463 775 529 841 236
838 788 966 840 noorai
988 789 1134 839 mcoms
1425 771 1515 860 [oar.

462 966 578 1026 torum
626 961 678 1026 Ut
703 959 827 1026 ibidem
858 959 947 1026 limo
976 965 1006 1026 te
1027 981 1086 1046 pro
1109 957 1237 1040 tibtote,
1261 955 1350 1044 quod
1379 961 1430 1022 est
1456 979 1514 1023 vo·

462 1062 564 1127 cativi
579 1084 679 1128 casus.
725 1063 772 1128 Et
792 1062 897 1149 primo
914 1062 1050 1148 Regum,
1066 1056 1186 1147 primc¹
1206 1059 1289 1148 [1.]:
1309 1058 1457 1126 &orata
1471 1057 1515 1124 isa

460 1162 595 1249 Sophia
617 1186 676 1250 pro
699 1163 925 1230 Ramathaim
946 1161 1116 1250 Sopita2
1162 1162 1207 1226 Et
1229 1161 1275 1226 sic
1297 1162 1339 1227 de
1363 1161 1512 1226 infinitis

505 1264 572 1330 Sed
596 1288 662 1330 non
684 1266 790 1331 solum
813 1265 865 1330 his
887 1264 993 1329 modis
1015 1264 1055 1329 fit
1078 1263 1244 1351 corruptio
1265 1262 1457 1349 prolationis
1479 1267 1515 1327 et

460 1387 580 1446 sensus,
604 1368 662 1433 sed
682 1367 718 1431 in
744 1367 882 1454 simplici
905 1370 1040 1432 accentu
1064 1364 1218 1431 dictionis
1247 1364 1366 1443 unius3
1395 1369 1430 1428 et
1452 1363 1514 1429 hoc

461 1467 560 1533 habet
589 1469 740 1554 exempla
768 1467 1029 1535 innumerabilia
1074 1466 1165 1532 Nam
1195 1466 1305 1532 omnia
1336 1464 1450 1531 Graeca
1479 1471 1514 1531 et

463 1569 606 1636 Hebraea
627 1569 694 1635 fere
716 1569 801 1634 male
823 1573 1067 1646 accentuantur,
1085 1568 1164 1654 quia
1185 1567 1348 1633 nescimus
1368 1566 1427 1632 has
1450 1566 1513 1631 lin·

459 1692 548 1757 guas.
595 1671 696 1737 Unde
717 1671 753 1735 in
776 1672 918 1758 prologis
940 1670 1051 1737 bibliae
1074 1693 1160 1756 saepe
1183 1668 1302 1748 obelos,
1325 1673 1361 1735 et
1384 1669 1513 1734 acuitur

460 1772 651 1858 penultima,
675 1795 750 1838 cum
775 1777 889 1838 tamen
920 1772 1019 1838 debet
1050 1772 1183 1859 gravari
1195 1795 1204 1851 ;
1237 1770 1316 1857 quia
1339 1771 1377 1835 in
1399 1770 1513 1836 Graeco

460 1874 616 1940 scribitur
640 1896 698 1962 per
721 1900 733 1936 ι
756 1875 863 1940 breve.
909 1873 955 1940 Et
978 1873 1140 1961 Virgilius
1162 1872 1298 1960 corripit
1327 1895 1400 1938 eem
1423 1872 1513 1937 aimi-

459 1975 543 2043 liter.
589 1977 656 2043 Sed
687 1977 868 2043 secundum
894 1975 1079 2063 generalem
1108 1975 1256 2063 regulam
1287 1974 1512 2051 accentuandi,

460 2077 560 2143 dictio
584 2078 789 2164 trisyllabica
810 2079 940 2145 acuitur
970 2079 1006 2143 in
1031 2076 1293 2165 antepenultima
1315 2098 1389 2142 oum
1410 2076 1513 2142 habet

459 2179 677 2268 penultimam
699 2186 881 2268 correptam
911 2179 1048 2267 longari.
1094 2179 1141 2245 Et
1173 2180 1210 2244 in
1243 2179 1344 2246 tertio
1374 2177 1511 2266 Regum,

459 2287 553 2348 sexto
571 2282 665 2369 [32.]‚
681 2281 882 2369 omaplypto
900 2282 1085 2369 penultima
1107 2286 1215 2359 acuta,
1231 2282 1289 2346 sed
1303 2281 1424 2368 vulgus
1437 2301 1510 2368 gra

459 2388 537 2448 vat:
561 2405 639 2448 nam
661 2385 764 2469 γλυφὴ
796 2389 846 2448 est
866 2383 1051 2469 corripiare
1072 2383 1128 2449 vel
1150 2381 1321 2460 coelatura,
1345 2387 1380 2448 et
1401 2380 1512 2466 γλύφω

459 2489 510 2548 est
532 2483 641 2549 corito
663 2484 717 2549 vel
741 2483 838 2563 ooeto;
860 2489 895 2550 et
917 2483 1049 2550 acuitur
1072 2483 1109 2549 in
1133 2483 1248 2551 Graeco
1273 2483 1458 2572 penultima
1475 2483 1512 2548 in

458 2585 669 2671 simplicibus,
709 2607 787 2673 ergo
816 2585 1069 2673 incomposito.
1131 2585 1178 2651 Et
1214 2591 1372 2672 preterea
1405 2585 1513 2672 prima

458 2685 558 2772 hujus
600 2685 758 2752 dictionis
787 2689 892 2774 γλυφὴ
914 2686 1016 2773 longa
1051 2691 1101 2752 eat
1138 2687 1318 2753 semmdum
1360 2687 1510 2753 Graecos:

458 2809 536 2876 ergo
574 2809 648 2854 cum
683 2789 719 2853 in
749 2789 811 2854 hac
837 2788 982 2854 ‹lictione
1003 2787 1205 2875 osacplypto
1241 2788 1426 2875 penultima
1462 2791 1513 2854 est

458 2890 567 2979 longa,
596 2892 776 2958 secundum
798 2890 984 2978 generalem
1007 2891 1155 2978 regulam
1178 2891 1395 2958 accentuandi
1417 2912 1512 2957 acue-

459 2998 516 3059 tur
540 2993 600 3058 illa
623 2994 817 3080 penultima.
875 2993 963 3057 Nam
986 2991 1032 3058 sic
1070 2992 1183 3058 estin
1219 2993 1309 3057 omni
1338 2992 1512 3079 trisyllaba

458 3100 492 3160 et
518 3096 729 3182 polysyllaba
776 3095 822 3161 Et
846 3094 1025 3182 Sapientiae
1056 3094 1301 3160 decimosexto
1326 3093 1390 3183 [2.]
1422 3100 1510 3179 orty-

456 3197 630 3282 9ooeetrc,³
653 3198 741 3283 quod
764 3204 815 3263 est
837 3195 1006 3278 octavario,
1029 3195 1214 3282 penultima
1236 3201 1287 3262 est
1308 3202 1414 3274 acuta,
1433 3197 1512 3282 quia

458 3298 611 3364 scribitur
632 3299 722 3386 apud
744 3299 876 3366 Graecos
898 3320 956 3386 per
979 3325 994 3377 η
1018 3299 1163 3385 longum.
1209 3298 1255 3364 Et
1268 3298 1452 3385 pelicanus
1474 3300 1511 3363 in

458 3400 613 3487 psalterio
646 3400 748 3466 habet
779 3401 997 3487 penultimam
1029 3405 1167 3466 acutam.
1219 3400 1308 3464 Nam
1331 3422 1428 3466 omne
1450 3423 1509 3466 no·

458 3524 534 3567 men
557 3503 709 3568 Graeoum
741 3503 894 3568 desinens
927 3503 963 3566 in
990 3523 1041 3568 oa
1069 3501 1171 3567 habet
1197 3502 1233 3566 in
1258 3501 1399 3588 obliquis
1421 3502 1511 3588 apud

459 3603 595 3670 Latinos
617 3604 835 3692 penultimam
857 3608 998 3684 aeumm,
1021 3608 1061 3670 ut
1086 3603 1199 3683 Titan,
1218 3602 1362 3671 Tironis.
1409 3604 1510 3670 Unde

457 3705 626 3772 Lucanus⁴
649 3707 718 3772 ait:

636 3815 654 3845 “
678 3808 784 3895 Longi
807 3807 949 3874 volvunt
979 3807 1101 3874 Titana
1124 3805 1278 3874 labores.'’

457 3907 503 3974 Et
520 3932 627 3996 preca
649 3911 825 3990 similiter3
848 3933 926 3975 nam
950 3906 1111 3976 dicitur:⁶

719 4020 736 4046 “
760 4012 897 4078 Sacrum
920 4034 1036 4098 paeana
1056 4010 1247 4077 canebant.'’

457 4104 545 4198 Ergo
583 4137 657 4179 cum
688 4113 913 4180 nominativus
943 4114 980 4177 in
1010 4113 1125 4179 Graeco
1158 4113 1203 4178 sit
1230 4111 1377 4199 pelicea,
1415 4113 1509 4197 cujus

456 4213 625 4298 genitivus
657 4222 708 4280 est
735 4215 922 4301 pelioaaca,
954 4237 975 4279 a
1005 4236 1070 4299 quo
1100 4215 1222 4279 dicitur
1249 4214 1442 4300 pelicanus,
1472 4236 1508 4280 oa

489 4457 495 4487 ¹
505 4456 598 4522 primo]
618 4473 666 4508 om.
679 4457 710 4511 T.
1039 4459 1227 4526 'orlypometrd
1262 4459 1429 4525 ortigometra,
1456 4458 1509 4520 B.;

1006 4539 1166 4604 orthimegra,
1180 4539 1209 4589 T.

486 4613 663 4665 2Ιίιιθιιιθιαίηι
693 4615 801 4683 Sophia]
838 4616 954 4669 liatuma·
1040 4617 1190 4684 ⁴Lucanus]
1210 4618 1286 4668 Phar.
1298 4615 1315 4667 i.
1328 4623 1369 4667 90.

453 4694 531 4744 thaim
543 4691 648 4758 Sophia,
659 4695 689 4746 Β.
1039 4696 1161 4762 ’άίθίικν]
1181 4697 1243 4750 sut
1256 4697 1335 4748 Theb.
1349 4697 1383 4748 ir.
1397 4700 1453 4750 15⁷.
