3586 5640
284 981 394 1030 Various

283 1045 431 1095 versionsof

283 1114 327 1161 the
336 1111 418 1176 Scrip-

285 1188 360 1228 tures.

451 786 517 851 340
816 796 947 845 nocam
970 795 1115 845 mcoms

450 974 508 1035 cst.
556 969 601 1034 Et
630 969 704 1033 ideo
733 969 803 1035 lraec
832 969 918 1033 ratio
948 968 1040 1031 nulla
1069 955 1128 1037 ¹est.
1183 965 1250 1031 Sed
1280 964 1400 1031 dicitur
1422 965 1507 1031 Vul-

450 1078 537 1158 gatu,
572 1093 645 1156 (pun
674 1070 775 1156 vulgo
805 1075 840 1135 ct
870 1071 997 1156 publice
1028 1069 1071 1132 ab
1107 1068 1296 1132 hominibus
1325 1067 1508 1154 legebatur,

451 1178 486 1237 ct
515 1173 579 1239 fuit
610 1174 645 1235 in
674 1195 736 1236 usu
767 1172 868 1256 vulgi,
916 1177 950 1236 et
987 1171 1091 1234 totius
1128 1170 1270 1234 ecclesius
1308 1169 1432 1235 Graecae
1469 1176 1507 1235 et

452 1274 590 1338 Latium.
639 1274 684 1338 Et
707 1274 776 1338 lraec
798 1273 863 1336 fuit
886 1272 954 1337 sola
975 1271 1149 1336 translatio
1172 1271 1401 1357 Septuaginta,
1416 1272 1508 1357 quod

451 1376 611 1461 probatur
626 1375 803 1439 evidenter.
827 1374 918 1438 Dicit
932 1374 1051 1438 beatus
1065 1373 1274 1458 Augustinus
1289 1379 1364 1438 octe
1379 1373 1507 1439 decimo

453 1478 504 1541 De
524 1477 670 1541 Civitatc
687 1476 760 1554 Dei,
778 1475 891 1540 “hanc
911 1497 985 1560 qua>
1009 1474 1229 1560 Septuaginta
1251 1479 1310 1551 est,
1335 1480 1506 1560 tamquam

453 1586 472 1615 “
494 1578 563 1643 sola
582 1584 665 1642 esset
687 1578 733 1642 sic
748 1577 864 1663 recipit
878 1576 1021 1654 ecclesia,
1037 1598 1139 1660 eaque
1154 1576 1223 1639 sola
1238 1582 1382 1641 utuntur
1399 1577 1507 1643 draci

454 1686 472 1714 ‘⁴
495 1679 609 1766 populi
633 1678 822 1757 Christiani,
854 1699 994 1762 quornm
1020 1677 1168 1763 plerique
1199 1682 1312 1743 utrum
1349 1678 1418 1743 sint
1447 1679 1507 1743 ali—

454 1790 472 1819 “
495 1781 575 1866 qnu¹
599 1781 665 1844 alia
687 1779 871 1866 ignorant.''
910 1779 956 1843 Et
972 1778 1086 1843 Latini
1106 1779 1191 1842 lmnc
1210 1779 1315 1844 solum
1338 1801 1359 1843 a
1383 1779 1507 1846 Graecis

452 1883 647 1962 habuerunt,
664 1888 703 1946 ut
725 1904 838 1945 omnes
860 1881 976 1945 sciunt.
1024 1881 1231 1967 Quapropter
1250 1882 1312 1947 hoc
1333 1887 1383 1946 est
1398 1888 1508 1948 trans-

453 1985 534 2050 latio
573 2006 647 2069 qmc
684 1983 806 2048 dicitur
837 1982 990 2068 Vulgata
1052 1980 1099 2045 Et
1129 1981 1190 2048 hoc
1219 1983 1393 2048 evidenter
1413 1990 1508 2071 patet

452 2109 511 2173 per
548 2087 688 2151 eundem
722 2085 948 2171 Augustinum
972 2083 1098 2148 decimo
1125 2083 1244 2168 quinto
1276 2084 1328 2150 De
1358 2084 1507 2152 Ciuitate

455 2192 530 2271 Dei,
544 2192 590 2257 sic
612 2192 790 2256 dicentem:
817 2190 998 2254 “Fuerunt
1013 2211 1034 2253 a
1057 2189 1193 2254 Diluvio
1216 2211 1318 2276 usquc
1340 2192 1384 2256 ad
1399 2192 1508 2257 Abra·

455 2302 472 2330 “
496 2294 572 2358 liam
595 2293 661 2358 (luo
679 2292 784 2356 millia
799 2291 876 2355 anni
894 2290 1072 2355 secundum
1088 2290 1266 2376 Vulgatam
1281 2292 1509 2374 editionem,''²

452 2395 514 2459 hoc
554 2399 605 2458 est
649 2395 867 2479 interpretum
906 2392 1132 2478 Septuaginta,
1171 2398 1210 2457 ut
1254 2394 1323 2480 ipse
1360 2397 1507 2481 exponit

454 2496 499 2559 lit
515 2496 557 2559 ad
575 2494 751 2560 Fretellam
774 2500 808 2558 et
824 2493 962 2558 Sunium
983 2494 1065 2557 dicit
1081 2493 1306 2579 Hieronymus
1317 2495 1345 2560 :³
1368 2504 1388 2532 “
1400 2498 1510 2563 Koenc

453 2604 472 2633 “
495 2598 557 2661 hoc
583 2601 633 2660 est
664 2596 846 2659 communis
880 2594 993 2673 editio,
1017 2595 1089 2680 ipsa
1119 2602 1169 2660 est
1203 2618 1278 2681 quae
1307 2603 1343 2662 et
1368 2597 1510 2685 Septua-

452 2705 471 2735 “
493 2696 616 2784 gintu.''
662 2697 707 2761 Et
727 2701 842 2761 octavo
865 2697 990 2761 decimo
1011 2696 1096 2762 libro
1119 2719 1217 2782 super
1235 2698 1385 2764 Esaiam⁴
1405 2700 1506 2767 dicit:

453 2808 472 2839 “
496 2800 579 2865 Haec
596 2800 700 2885 juxta
727 2797 946 2884 Septuaginta
968 2797 1164 2884 interpretes
1188 2799 1341 2879 diximus,
1366 2823 1506 2886 quorum

453 2909 472 2941 “
495 2903 597 2967 editio
620 2907 692 2966 toto
712 2901 789 2965 orbe
804 2900 942 2985 vulgata
961 2898 1040 2964 cst.'’
1086 2900 1132 2963 Et
1152 2901 1188 2963 in
1209 2901 1283 2965 aliis
1301 2902 1396 2968 libris
1409 2926 1509 2990 super

453 3005 631 3068 deremimn
663 3009 697 3067 ct
726 3003 867 3066 Esaiam.
925 3000 971 3064 Et
1000 3001 1081 3065 alibi
1111 3001 1340 3088 multiplieiter
1369 3007 1506 3071 eandem

456 3108 702 3170 translationem
723 3103 882 3168 adscribit
898 3102 1115 3188 Septuaginta
1137 3108 1170 3167 et
1189 3104 1326 3169 editioni
1343 3107 1507 3193 Vulgat‘e,

454 3209 538 3272 sicut
567 3208 689 3291 legenti
720 3207 790 3289 ejus
824 3205 924 3268 libros
959 3204 1039 3267 satis
1072 3205 1268 3272 ostenditur.
1325 3207 1411 3273 Item
1445 3210 1508 3275 hoc

454 3314 555 3393 patet,
573 3309 650 3392 quia
665 3309 699 3370 in
716 3307 782 3372 fine
799 3307 921 3370 Hester
944 3306 1065 3370 <ficitur
1082 3306 1164 3391 [xiv.
1181 3307 1264 3392 ll.]:
1291 3309 1371 3375 “Ne
1394 3311 1507 3376 tradas

455 3416 472 3445 “
496 3410 626 3473 domine
658 3415 821 3494 sceptrum
845 3415 941 3470 tuum
973 3407 1024 3469 liis
1054 3429 1127 3490 quae
1149 3428 1216 3471 non
1239 3409 1344 3474 sunt.”
1391 3412 1435 3477 Et
1458 3413 1505 3477 ibi

455 3511 679 3597 Hieronymus
712 3510 793 3573 dicit
827 3514 958 3573 tuntum
990 3508 1079 3571 istud
1110 3509 1252 3573 inveniri
1288 3512 1323 3575 in
1361 3513 1507 3580 editione

453 3613 577 3692 eadem,
601 3635 674 3697 qum
698 3611 843 3696 Vulgata
867 3615 924 3675 est.
972 3608 1058 3673 Item
1085 3610 1120 3673 in
1143 3611 1385 3679 Commentario
1410 3638 1508 3702 super

456 3713 645 3780 Danielcm⁶
675 3713 756 3778 dicit
786 3713 881 3798 qnod,
913 3711 990 3795 quia-
1024 3711 1125 3775 editio
1156 3711 1389 3780 Tlreodotionis
1422 3716 1507 3803 lege-

453 3817 552 3880 batur
576 3817 617 3879 ab
642 3815 783 3892 ccclesia,
811 3817 944 3899 propter
970 3813 1031 3877 hoc
1055 3813 1125 3896 ejus
1146 3819 1180 3878 et
1204 3835 1271 3880 non
1287 3816 1508 3904 Septmsgiuta

453 3919 554 3983 editio
571 3918 715 4003 Vulgata
739 3922 882 3980 vocatur.
930 3915 1017 3999 Ergo
1044 3919 1124 3980 tunc
1143 3923 1303 4000 quantum
1329 3920 1372 3983 ad
1396 3927 1506 3987 totum

453 4025 593 4098 textum,
642 4024 761 4105 practer
799 4016 980 4095 Danielem,
1019 4015 1122 4080 editio
1154 4019 1299 4104 Vulgata
1327 4021 1507 4102 dicebatur,

454 4144 528 4207 qma
555 4123 590 4186 in
621 4126 692 4186 toto
723 4119 800 4184 orbe
830 4118 1008 4205 legebatur.
1077 4118 1143 4183 Sed
1174 4120 1242 4186 haec
1272 4122 1336 4187 fuit
1366 4124 1505 4209 Septua-

461 4342 764 4349 -———-——....
781 4341 802 4347 ..
823 4341 902 4345 —---

498 4481 614 4549 ¹olae'qnu]
651 4486 758 4549 antiqua,
789 4488 872 4552 llody.
915 4487 954 4536 Dc
1037 4487 1236 4555 'Hieronymuq
1256 4491 1479 4555 Ep.cvi.=135.?

453 4563 529 4615 Civit.
544 4564 612 4614 xviii.
625 4571 664 4615 43.
1035 4570 1044 4598 ⁴
1058 4568 1161 4633 Esuinr]
1182 4571 1211 4618 In
1224 4586 1277 4635 cap.
1294 4573 1345 4621 lxv.
1355 4578 1396 4621 20.

485 4644 494 4674 ²
505 4642 641 4709 editionem]
662 4646 700 4694 lle
712 4646 787 4696 civit„
800 4663 841 4697 xv.
856 4651 918 4699 20.?
1037 4648 1128 4715 ⁵super
1144 4648 1286 4716 Ihmielem]
1301 4649 1326 4699 in
1336 4650 1436 4716 Prolog.
