3586 5640
305 783 389 872 ara]
691 796 779 849 orus
801 796 961 849 mmmm
1293 779 1360 853 20⁷

305 974 371 1041 Sed
400 975 537 1062 longum
559 980 645 1041 esset
672 975 735 1041 hoc
757 975 904 1052 scribere,
929 981 963 1042 et
993 975 1067 1041 ideo
1090 973 1225 1042 dimitto
1255 995 1359 1062 usque

306 1079 348 1145 ad
370 1079 550 1166 pleniorem
572 1078 778 1165 scripturam.

350 1180 402 1247 De
435 1181 532 1247 annis
567 1202 646 1246 vero
684 1181 869 1247 Salomonis
914 1179 1080 1246 dubitatio
1125 1179 1187 1245 est¹
1226 1180 1336 1266 gravis
1350 1182 1510 1261 5'1'heyaa

303 1307 381 1349 nam
412 1284 436 1350 J
438 1284 577 1370 osephus
611 1284 647 1348 in
684 1289 801 1350 octavo
831 1283 1087 1370 Antiquitatum
1121 1281 1231 1360 libro,2
1262 1250 1527 1369 super⁰ss9¹⁰¹¹¹⁰²

303 1408 401 1474 quem
424 1408 536 1452 omnes
565 1387 670 1452 sancti
696 1391 731 1451 et
761 1387 908 1452 historiae
938 1386 1192 1453 fundamentum
1223 1386 1358 1466 habent,

304 1489 386 1555 dicit
423 1487 535 1576 quod³
572 1495 721 1555 mortuus
758 1494 811 1555 est
849 1489 1003 1554 Salomon
1041 1489 1140 1554 valde
1178 1488 1357 1576 longaevus,

304 1596 340 1657 et
369 1591 522 1677 regnavit
547 1591 716 1678 octoginta
746 1592 848 1656 annis.
895 1591 940 1657 Et
970 1593 1149 1658 secundum
1180 1592 1240 1657 hoo
1271 1591 1360 1657 texit

275 1693 278 1699 ’
303 1693 474 1759 historiam
505 1715 636 1760 sacram
683 1692 750 1759 Sed
780 1699 893 1759 textus
923 1700 1036 1760 noster
1065 1716 1133 1758 non
1163 1694 1266 1759 habet
1295 1694 1359 1759 nisi

305 1797 526 1862 medietatem.
583 1796 689 1862 Baasa
722 1817 801 1861 vero
830 1818 899 1875 rex,
931 1797 1023 1863 tertii
1055 1797 1184 1884 Regum
1214 1797 1360 1883 capitulo

307 1915 374 1980 xv,
410 1898 532 1965 dicitur
568 1898 605 1963 in
641 1900 743 1964 tertio
780 1898 889 1965 anno⁴
925 1899 995 1965 Asa
1025 1901 1182 1987 incepisse
1212 1920 1359 1986 regnare,

307 2007 341 2067 et
371 1999 495 2087 viginti
532 2004 676 2087 quatuor
712 2001 807 2066 annis
838 2023 995 2089 regnasse.
1058 2003 1147 2090 Ergo
1184 2024 1288 2088 usque
1318 2001 1360 2067 ad

306 2104 504 2191 vigesimum
536 2107 669 2169 sextum
702 2103 805 2190 ipsius
835 2105 912 2183 Asa,
937 2105 980 2169 ad
1010 2104 1084 2192 plus
1114 2105 1287 2192 regnavit3
1325 2109 1360 2170 et

307 2205 368 2272 hoc
394 2210 487 2292 patet
515 2227 574 2293 per
602 2207 670 2272 xvi
693 2206 888 2293 capitulum,
919 2207 978 2271 ubi
1009 2207 1131 2273 dicitur
1161 2206 1250 2293 quod
1274 2227 1361 2272 anno

307 2308 462 2374 vicesimo
493 2313 587 2373 sexto
619 2308 689 2373 Asa
719 2308 871 2394 regnavit
904 2309 991 2374 Hela
1023 2309 1111 2374 filius
1143 2308 1271 2390 Baasa3
1304 2309 1362 2374 sed

308 2411 450 2477 secundo
482 2410 756 2498 Paralipomenon
794 2411 861 2476 xvi
894 2411 1025 2490 dicitur,
1057 2413 1147 2498 quod
1183 2434 1270 2477 anuo
1302 2412 1362 2478 tri-

307 2514 430 2600 gesimo
460 2518 555 2579 sexto
585 2514 679 2601 regni
702 2515 771 2578 Asa
800 2515 947 2580 ascendit
976 2514 1090 2582 Bassa.
1136 2515 1296 2582 Similiter
1326 2516 1361 2581 in

307 2616 461 2681 vicesimo
484 2616 590 2703 primo
616 2617 767 2703 capitulo,
792 2616 927 2682 secundi
958 2617 1239 2704 Paralipomenon,
1262 2619 1361 2684 habe·

308 2723 385 2783 tur:
421 2719 444 2783 J
446 2740 537 2784 oram
568 2717 633 2783 fuit
663 2718 804 2805 triginta
838 2718 904 2784 duo
927 2741 1089 2785 annorum
1118 2742 1192 2785 oum
1225 2742 1362 2807 regnare

306 2821 466 2907 coepisset,
482 2825 517 2886 et
532 2824 605 2886 octo
628 2821 724 2885 annis
739 2822 893 2907 regnavit
908 2823 944 2885 in
960 2822 1168 2887 Hierusalem
1181 2848 1188 2902 ;
1221 2845 1360 2908 quorum

307 2945 437 2990 summa
467 2928 517 2989 est
551 2924 771 3011 quadraginta
804 2925 890 2988 anni.
936 2924 983 2988 Et
1016 2925 1052 2987 in
1084 2924 1246 3010 principio
1280 2927 1361 2990 xxii.

308 3027 430 3093 dicitur
444 3025 533 3114 quod
544 3025 632 3092 filius
647 3027 727 3113 ejus,
746 3026 890 3104 Ocozias,
907 3030 980 3090 erat
991 3026 1362 3113 quadragintaduorum

309 3151 471 3195 annorum
493 3151 568 3195 cum
597 3151 735 3217 regnare
767 3129 925 3215 coepisset,
950 3132 985 3193 et
1010 3149 1078 3193 uuo
1104 3150 1192 3193 anno
1211 3129 1363 3216 regnavit

306 3234 343 3298 in
359 3233 576 3299 Hierusalem.
600 3232 735 3319 Exque
758 3231 908 3318 sequitur
922 3231 1011 3317 quod
1027 3230 1163 3296 Ocoziaa
1175 3231 1240 3297 fuit
1262 3237 1361 3298 natus

195 3377 198 3383 -
306 3341 384 3403 ante
407 3341 535 3422 patrem
557 3357 655 3401 suum
677 3358 736 3422 per
758 3334 939 3412 biennium,
956 3333 1045 3421 quod
1068 3334 1153 3399 nihil
1175 3341 1225 3402 est
1248 3336 1346 3402 dictu.

354 3439 515 3505 Eusebius
547 3460 627 3504 vero
665 3445 699 3504 et
729 3434 838 3503 Beda⁶
867 3459 935 3503 non
967 3444 1097 3524 ponunt
1127 3439 1192 3503 nisi
1222 3439 1363 3527 triginta

308 3563 412 3608 annos
441 3542 646 3629 captivitatis
683 3541 885 3627 Babyloniae,
925 3562 999 3606 cum
1037 3547 1150 3606 tamen
1184 3544 1362 3608 secundum

310 3645 513 3711 Hieremiam
544 3643 699 3710 videatur
736 3644 824 3730 quod
861 3641 1003 3708 debeant
1040 3644 1120 3729 poni
1151 3646 1363 3732 septuaginta

310 3748 374 3813 duo
396 3747 483 3826 anni,
514 3768 617 3834 usque
640 3747 683 3812 ad
714 3747 910 3812 solutionem
941 3745 1153 3831 captivitatis,
1177 3769 1251 3832 quae
1281 3769 1363 3833 praa·

309 3850 398 3914 dicta
419 3849 528 3915 fuerat
550 3870 608 3937 per
631 3849 756 3935 Cyrum
788 3848 907 3913 debere
938 3847 1074 3932 impleri.
1131 3847 1176 3912 Et
1206 3848 1274 3912 haec
1312 3854 1363 3915 est

310 3953 490 4018 communis
512 3951 686 4031 sententia,
703 3951 826 4017 scilicet
849 3949 938 4036 quod
961 3949 1173 4034 septuaginta
1195 3949 1260 4015 duo
1284 3952 1362 4016 anni

311 4054 517 4141 captivitatis
554 4055 697 4121 fuerunt.
753 4053 840 4119 Sunt
877 4055 988 4115 autem
1026 4051 1092 4114 alia
1128 4074 1202 4137 quac
1239 4051 1364 4120 habent

312 4156 536 4223 dubitationes
559 4157 750 4235 consimiles,
766 4155 826 4220 vix
848 4152 1088 4234 numerabilia;
1112 4154 1168 4219 sed
1190 4155 1260 4221 haec
1275 4155 1363 4221 suffi-

311 4261 401 4327 ciant
423 4283 483 4348 pro
505 4261 670 4348 exemplis.
728 4259 790 4326 Est
812 4257 917 4347 igitur
946 4256 1126 4324 necessaria
1147 4258 1363 4326 consideratio

347 4536 353 4565 ¹
372 4535 420 4600 ert]
439 4551 488 4584 om.
504 4535 534 4585 T.
882 4536 890 4563 ⁴
908 4533 984 4598 anno]
1003 4533 1084 4598 regni,
1101 4533 1132 4584 T.

345 4612 440 4680 ²libro]
459 4614 612 4680 village.
882 4612 988 4677 ’Bam
1016 4613 1056 4662 De
1073 4612 1225 4679 Temporum
1248 4613 1362 4678 Ratione,

346 4690 448 4757 'quaeq
467 4706 516 4742 om.
528 4691 560 4742 T.
850 4697 906 4750 53⁵,
918 4693 957 4744 ed.
968 4691 1065 4758 Migrre.
