3586 5640
306 779 371 866 re]
645 793 875 846 courmnruu
898 797 1025 847 srunn.
1296 782 1361 848 423

307 976 342 1036 et
364 971 527 1057 quomodo
550 971 701 1038 ordinare
723 973 840 1037 debeat
865 973 906 1038 de
928 994 987 1038 suo
1011 993 1189 1037 successore
1201 997 1209 1052 ;
1232 975 1271 1036 ut
1294 994 1360 1036 non

306 1095 364 1160 per
395 1073 589 1160 potentiam,
612 1095 672 1139 nee
694 1097 752 1160 per
774 1075 958 1161 pecuniam,
983 1096 1043 1139 nec
1065 1096 1123 1161 per
1150 1075 1249 1139 aliam
1272 1075 1361 1139 viam

306 1175 427 1242 malam
473 1198 618 1262 unquam
648 1176 879 1243 introducatur
925 1177 1081 1243 Summus
1114 1176 1293 1256 Sacerdos;
1327 1181 1361 1242 et

306 1279 469 1364 quomodo
492 1279 624 1344 defendi
648 1279 768 1347 debeat
789 1281 860 1347 haeo
882 1281 944 1358 lex,
965 1285 1000 1346 et
1020 1280 1163 1366 qualiter
1186 1303 1244 1366 per
1266 1300 1361 1345 mun-

306 1382 386 1447 dum
412 1382 533 1447 hebeat
555 1383 696 1448 dilatari
743 1383 789 1449 Et
819 1384 925 1470 primo
959 1383 1080 1449 statuit
1102 1383 1191 1468 quod
1213 1382 1360 1448 homines
1373 1377 1522 1500 3335}

306 1486 426 1550 vivant
456 1487 492 1551 in
515 1486 604 1550 omni
627 1487 762 1566 virtute,
786 1493 825 1551 ut
855 1488 891 1552 in
917 1488 1029 1552 decem
1060 1486 1154 1551 libris
1177 1486 1359 1566 constituit,
1372 1513 1485 1568 Politice

306 1589 364 1674 qui
395 1594 558 1654 vocantur
593 1589 686 1654 Libri
724 1591 927 1670 Ethicorum,
958 1589 1078 1676 quibus
1110 1589 1225 1676 jungit
1258 1589 1361 1655 libros

307 1691 463 1769 Politieae,
495 1692 674 1778 inquibus
703 1694 810 1779 primo
832 1693 951 1758 statuit
981 1693 1108 1758 cultum
1131 1692 1292 1772 divinum,
1323 1693 1359 1759 in

306 1816 371 1879 quo
409 1795 598 1880 magnificat
636 1816 670 1860 se
715 1796 850 1861 adorare
883 1796 991 1860 Deum
1029 1817 1133 1861 unum
1168 1801 1202 1861 et
1233 1795 1359 1860 trinum

307 1898 506 1962 eminentem
536 1898 736 1984 proprietate
773 1919 883 1962 rerum
920 1901 1127 1977 creatarum
1154 1897 1359 1984 investigans

306 2001 472 2084 quandam
495 2000 681 2066 trinitatem
704 2000 740 2064 in
763 2000 914 2066 omnibus
936 2001 1035 2065 rebus
1057 1999 1173 2064 creatis
1196 2021 1269 2086 quae
1292 2000 1358 2085 pri*

305 2124 360 2167 mo
383 2102 545 2188 reperitur
569 2103 605 2166 in
628 2108 781 2168 creatore.
832 2101 932 2168 Unde
954 2102 990 2167 in
1013 2103 1104 2167 omni
1125 2125 1161 2167 re
1184 2101 1359 2168 constituit

305 2206 511 2291 principium,
532 2205 686 2281 medium,
708 2210 743 2270 et
765 2205 864 2272 finem
876 2229 884 2284 ;
916 2206 974 2271 sed
996 2205 1031 2270 in
1055 2210 1198 2273 creatore
1220 2209 1357 2291 patrem,

307 2313 342 2372 et
373 2314 544 2394 paternam
575 2313 728 2385 mentem,
752 2313 786 2372 et
817 2330 961 2373 amorem
993 2308 1165 2393 utriusque
1195 2313 1357 2386 mutuum,

307 2432 408 2474 unam
431 2410 658 2490 substantiam,
683 2410 841 2476 deitatem
864 2411 1043 2476 indivisam
1069 2411 1105 2476 in
1128 2410 1277 2488 essentia,
1301 2411 1360 2476 sed

307 2513 430 2578 trinam
452 2513 488 2577 in
511 2512 663 2598 personis,
680 2512 766 2578 sicut
781 2535 801 2578 a
817 2512 954 2578 Platone
977 2513 1136 2600 magistro
1158 2534 1217 2578 suo
1232 2513 1358 2592 didicit,

309 2616 366 2682 sed
399 2615 574 2702 perfectius
605 2638 627 2680 a
660 2614 754 2680 libris
787 2614 1017 2682 Haebraeorum
1052 2620 1087 2680 et
1118 2614 1160 2680 ab
1195 2615 1359 2681 Haebraeis

307 2720 359 2785 sui
390 2720 547 2806 temporis
578 2718 666 2805 apud
697 2739 780 2804 quos
803 2718 912 2804 viguit
944 2718 1000 2784 lex
1027 2718 1100 2797 Dei,
1124 2723 1159 2783 et
1189 2739 1210 2782 a
1241 2717 1359 2803 quibus

308 2844 437 2887 omnem
461 2821 658 2908 sapientiam
694 2819 821 2900 habuit,
845 2821 932 2886 sieut
964 2821 1103 2906 ipsamet
1133 2820 1169 2884 in
1200 2819 1285 2885 libro
1308 2819 1360 2884 De

306 2925 478 3012 Regimine
490 2925 679 3009 Regnorum
695 2923 810 2988 asserit
826 2924 1002 2988 evidenter.
1035 2922 1166 2987 Deinde
1175 2921 1360 3007 specialiter

307 3028 479 3093 constituit
517 3025 675 3091 sacrificia
709 3024 783 3102 tria,
808 3029 843 3089 et
865 3024 1031 3089 orationes
1061 3028 1137 3100 tres,
1170 3024 1206 3087 in
1237 3023 1359 3088 honore

307 3131 409 3196 trium
441 3150 661 3216 personarum,
686 3132 721 3192 et
747 3133 860 3213 postea
891 3126 1020 3213 reliqua
1054 3148 1128 3212 quie
1159 3125 1202 3191 ad
1228 3125 1359 3194 'cultum

308 3232 371 3296 Dei
409 3232 599 3317 pertinent3
637 3229 817 3295 secundum
863 3230 952 3315 quod
996 3228 1203 3316 philosophia
1246 3230 1359 3316 potuit

307 3333 446 3398 edocere.
494 3332 539 3397 Et
553 3337 668 3418 postea
689 3332 775 3418 leges
802 3332 978 3397 civitatum
1004 3337 1038 3397 et
1060 3354 1237 3419 regnorum
1261 3332 1357 3400 insti·

308 3435 383 3512 tuit,
415 3441 450 3501 et
473 3434 651 3501 oratorioas
673 3439 709 3500 et
732 3434 912 3500 rhetoricas
944 3436 1204 3513 constitutiones,
1238 3435 1359 3523 quibus

308 3558 414 3604 causae
433 3536 663 3604 discindantur
677 3537 748 3603 sine
764 3537 906 3624 strepitu
928 3537 1019 3616 litis3
1035 3543 1069 3604 et
1091 3538 1138 3603 sic
1160 3559 1357 3624 componens

307 3641 418 3706 omnia
462 3663 536 3725 quae
580 3641 762 3706 necessaria
806 3644 885 3706 sunt
922 3639 1067 3707 humano
1105 3640 1226 3726 generi,
1256 3640 1359 3725 juxta

307 3748 506 3831 potestatem
536 3741 761 3830 philosophia,
794 3743 930 3811 tandem
965 3744 1059 3810 docet
1089 3743 1238 3808 homines
1271 3743 1358 3829 aspi·

307 3868 380 3911 rare
402 3846 445 3910 ad
471 3846 619 3912 futuram
641 3846 842 3930 felicitatem,
867 3852 902 3912 et
924 3848 1035 3912 omnia
1059 3845 1252 3911 transitoria
1283 3867 1359 3911 oon·

308 3956 462 4017 temnere.
508 3949 606 4032 Quod
636 3973 704 4016 non
725 3948 831 4015 solum
859 3950 990 4037 scriptis
1013 3950 1206 4036 patentibus
1235 3949 1358 4029 docuit,

307 4054 365 4120 ssd
387 4053 474 4121 facto
506 4059 541 4121 et
572 4054 722 4141 exemplo
754 4052 918 4140 perfectus
950 4052 1066 4118 doctor
1097 4073 1171 4118 cnm
1194 4050 1262 4117 suis
1294 4052 1358 4119 dis

306 4157 423 4244 cipulis
454 4156 667 4225 nobilissimis
690 4155 771 4223 viris
804 4161 839 4222 et
865 4155 1117 4242 sapientissimis
1142 4155 1358 4221 confirmavit.

308 4259 397 4326 Nam
434 4260 471 4326 in
508 4266 735 4349 contemptum
771 4260 888 4325 mundi
918 4264 953 4325 et
991 4258 1193 4337 divitiarum,
1229 4258 1359 4325 delicia

308 4384 382 4428 rum
416 4369 451 4428 et
483 4365 623 4442 honoris,
647 4364 713 4428 ivit
735 4363 771 4427 in
803 4367 998 4450 perpetuum
1030 4362 1168 4428 exilium
1195 4385 1270 4429 cum
1292 4364 1360 4429 suis

307 4467 410 4546 sociis,
427 4489 595 4552 nunquam
618 4468 661 4532 ad
683 4466 823 4554 propria
837 4487 1033 4531 reversurus.
1082 4465 1250 4532 Diffinivit
1272 4468 1360 4533 anim

308 4569 396 4653 apud
430 4590 472 4646 se,
497 4570 585 4654 quod
618 4570 689 4635 haeo
721 4570 794 4633 vita
827 4569 976 4635 solitaria
1013 4574 1064 4635 est
1104 4571 1209 4656 magis
1243 4571 1359 4635 similis

306 4671 388 4738 vita
405 4669 471 4737 Dei
494 4677 528 4737 et
550 4672 741 4759 angelorum
765 4693 864 4757 quam
887 4671 1069 4738 communis
1085 4671 1157 4737 vita
1178 4671 1359 4751 hominum,
