3586 5640
768 783 856 834 OPUS
878 782 1037 833 munit

819 1187 898 1254 Cir.
925 1189 979 1253 LI.

418 1370 654 1436 Dlurlcums
676 1391 754 1436 vero
788 1369 925 1456 {equalis
947 1368 1105 1436 localitati
1128 1374 1163 1434 et
1197 1370 1423 1437 immobiliteti
1437 1388 1579 1441 oremtsd

372 1472 634 1563 substantiarum
672 1472 904 1558 spiritualium,
937 1472 1115 1538 seeundum
1149 1472 1266 1551 locum,
1299 1478 1351 1539 est
1383 1456 1564 1574 deffl²'³

372 1575 546 1642 duratione
568 1597 681 1640 eorum
693 1598 702 1654 ς
725 1573 848 1640 seilicet
870 1576 910 1639 de
933 1596 1014 1650 aevo,
1039 1575 1127 1660 quod
1149 1584 1286 1641 vocatur
1308 1599 1329 1640 o
1351 1577 1424 1663 phi·

371 1678 513 1765 losophis
536 1678 706 1744 aeternitus
729 1683 846 1741 orento.
893 1675 944 1741 De
967 1677 1096 1742 unitate
1112 1699 1190 1742 vero
1213 1678 1278 1743 sevi
1299 1679 1423 1744 dictum

374 1786 424 1845 est
446 1780 560 1866 prius;
593 1778 681 1864 quod
714 1778 743 1843 si
776 1779 897 1844 habeut
928 1785 1047 1864 partes,
1072 1784 1151 1845 ωηο
1182 1780 1247 1846 erit
1281 1782 1321 1846 de
1353 1782 1424 1867 ejus

374 1882 513 1961 unitate,
537 1882 622 1948 sicut
644 1881 685 1947 de
708 1885 863 1967 tempore.
910 1880 947 1946 Si
978 1903 1057 1947 vero
1092 1903 1158 1947 non
1190 1881 1319 1962 habent,
1342 1888 1424 1949 ωηο

375 1986 440 2052 erit
471 1985 554 2050 sicut
576 1985 616 2050 de
639 1982 699 2048 ubi
722 1982 885 2070 respectu¹
920 1990 1117 2071 punctorum
1152 1985 1423 2065 indivisibilium

373 2089 423 2155 ito
445 2088 532 2175 quod
565 2092 695 2174 oportet
727 2087 816 2171 quod
849 2109 952 2153 unum
985 2087 1029 2152 sit
1060 2110 1169 2153 sevum
1203 2089 1288 2155 sicut
1319 2110 1424 2154 unum

375 2202 425 2257 est
447 2199 600 2277 tempus;
623 2195 657 2256 et
672 2189 854 2275 reprobstae
877 2196 956 2257 sunt
977 2190 1155 2276 positiones
1177 2190 1267 2259 salse
1291 2192 1326 2258 iu
1349 2214 1425 2259 οοη-

375 2294 520 2360 troriuun

418 2396 485 2463 Sed
525 2417 614 2461 nune
658 2394 931 2462 considerandum
977 2401 1028 2463 est
1072 2419 1116 2462 on
1161 2419 1270 2464 sevum
1315 2404 1425 2485 potest
1437 2413 1560 2466 nonno

374 2499 494 2568 habere
539 2504 649 2586 portes
687 2499 738 2564 vel
775 2519 850 2564 nou
913 2496 1011 2579 Quod
1047 2505 1159 2567 nutem
1198 2523 1265 2567 nou
1303 2481 1556 2614 lmbffltffior

373 2607 483 2690 portes
517 2602 637 2668 clamet
674 2607 747 2669 tots
773 2600 1000 2689 philosophiu;
1037 2608 1071 2668 et
1097 2605 1307 2689 Augustinus
1344 2606 1426 2672 dicit

375 2705 445 2784 hoc,
479 2710 513 2772 et
546 2704 736 2791 Dionysius.
782 2703 919 2786 Iterum,
942 2727 1052 2772 aevum
1090 2728 1124 2772 se
1154 2706 1256 2772 habet
1293 2709 1336 2774 sd
1373 2733 1426 2775 res

374 2813 604 2897 permanentes
638 2808 725 2874 sicut
756 2811 886 2895 tempus
918 2809 961 2874 sd
994 2807 1072 2872 res²
1107 2810 1312 2874 successivas.
1360 2811 1425 2876 Sed

374 2935 442 2979 esse
474 2912 522 2977 rei
556 2911 781 2998 permanentis
813 2910 976 2976 dividitur
1010 2933 1069 2996 per
1092 2912 1279 2996 oppositum
1313 2919 1427 2978 contra

374 3038 443 3082 esse
465 3016 513 3082 rei
535 3015 731 3081 successivae.
794 3012 883 3099 Ergo
906 3033 981 3077 cum
1005 3012 1045 3077 de
1069 3017 1189 3078 notura
1218 3015 1427 3080 successionis

374 3119 419 3186 sit
441 3125 480 3184 ut
510 3118 632 3184 habeut
662 3115 795 3204 portes³
819 3121 899 3181 tuuc
929 3135 997 3179 esse
1027 3115 1250 3201 permanentis
1276 3116 1339 3181 erit
1369 3139 1427 3204 per

376 3223 555 3289 carentiam
594 3221 745 3307 portium.
803 3219 848 3284 Et
887 3218 962 3283 ideo
994 3216 1080 3283 sicut
1111 3240 1264 3284 mensura
1286 3220 1333 3285 rei
1356 3242 1425 3287 suc-

377 3325 510 3390 cessivae
554 3321 683 3388 hobet⁴
724 3325 843 3408 portes,
875 3320 920 3386 sic
958 3341 1111 3387 mensuro
1147 3343 1256 3388 rerum
1301 3345 1427 3410 perma-

376 3427 526 3493 nentium
549 3425 673 3491 carebit
696 3423 749 3488 eis.

423 3528 561 3607 Iterum,
590 3526 619 3592 si
657 3524 778 3591 habeat
815 3547 923 3591 aevum
962 3531 1081 3613 portes,
1120 3531 1201 3594 ωηο
1238 3535 1298 3594 aut
1331 3536 1564 3654 eruntutivgplthtpr

1441 3684 1519 3720 neoti!
1530 3685 1596 3721 orm

377 3631 474 3697 simul
505 3636 565 3696 sut
599 3627 815 3695 succederent.
861 3628 897 3693 Si
931 3628 1039 3708 simul,
1072 3633 1152 3694 tunc
1184 3630 1289 3696 ultera
1320 3654 1429 3718 super-

377 3735 459 3814 fluit,
492 3734 572 3820 quio
606 3732 695 3819 quod
727 3737 777 3797 est
812 3729 852 3795 de
885 3752 954 3795 esse
985 3733 1033 3796 rei
1071 3734 1294 3818 permanentis
1331 3735 1429 3800 simul
1442 3738 1590 3789 successu

378 3840 487 3922 potest
525 3857 592 3900 uus
629 3840 725 3921 parte
760 3833 832 3918 ejus
867 3833 1073 3912 mensurari3
1111 3855 1188 3898 nam
1226 3835 1429 3903 indivisibile

379 3945 429 4004 est
466 3939 508 4004 ad
546 3958 641 4003 omne
680 3955 830 4023 praeseus.
877 3934 914 3999 Si
945 3957 1025 4000 vero
1058 3936 1236 4002 succedunt
1270 3937 1344 4018 sibi,
1370 3947 1429 4007 out

381 4147 650 4159 ...ῥυ-α»-
655 4146 1234 4157 ---——-·—-—-—-—·—-—-——-
1238 4152 1414 4166 ...w-.-

412 4285 419 4315 ¹
436 4283 558 4350 respectu]
577 4299 626 4336 om.
637 4285 667 4335 B.
903 4290 906 4359 t
930 4295 986 4337 turs
996 4286 1159 4338 successionis
1167 4288 1199 4339 sit
1208 4289 1334 4341 uthubeat
1341 4300 1430 4356 portes,

410 4363 488 4428 ἰν]
507 4364 597 4414 om.B.
903 4392 905 4457 p
930 4375 997 4418 ωηο,
1034 4368 1127 4418 Added
1155 4368 1181 4417 in
1210 4369 1258 4429 B.;
1287 4371 1431 4425 mersans

411 4441 533 4508 'ported
560 4450 619 4492 tuuc
639 4457 691 4492 esse
712 4443 881 4506 permanentis*
903 4463 906 4484 ι
930 4447 1045 4513 pertielly
1056 4447 1208 4499 obliterated.

377 4519 497 4572 dividitur
508 4534 553 4584 per
566 4520 706 4585 oppositum
722 4529 810 4572 conus
825 4537 878 4573 esse
964 4527 973 4555 ⁸
989 4525 1073 4594 tabet]
1093 4528 1190 4589 hubent,
1207 4529 1236 4580 B.

377 4601 413 4652 rei
431 4599 584 4651 successim
618 4599 688 4666 Ergo
704 4614 763 4653 cum
780 4601 811 4652 de
833 4617 878 4653 ns·
