3586 5640
303 764 372 852 ιιι]
636 776 869 827 conrnunwn
891 775 1016 827 srunn.
1288 761 1353 826 415

304 956 503 1023 “nollemus
544 951 669 1018 imitari
696 975 770 1018 curn
797 952 907 1040 plures
932 953 1037 1018 facere
1072 953 1241 1040 coeperint,
1276 952 1356 1039 quia

305 1070 322 1095 ‘¹
344 1058 550 1146 frequentius
576 1056 670 1142 quasi
685 1056 856 1121 honestius
871 1056 907 1120 id
922 1055 1068 1135 fecimus,
1087 1061 1121 1121 et
1144 1056 1226 1121 recti
1249 1057 1355 1121 locum

305 1163 434 1248 “apud
467 1181 526 1226 nos
556 1164 649 1225 tenet
675 1181 764 1223 error
794 1158 853 1223 ubi
877 1159 1027 1245 publicus
1054 1158 1160 1223 factus
1186 1157 1265 1223 est.'’
1311 1159 1356 1223 Et

304 1266 423 1330 scimus
453 1286 510 1349 per
562 1262 799 1349 experientiam
835 1261 997 1347 propriam
1030 1261 1067 1325 in
1105 1261 1199 1325 nobis
1240 1267 1275 1325 et
1320 1261 1356 1324 in

304 1367 386 1447 aliis,
419 1365 509 1452 quod
539 1364 609 1430 haec
644 1365 709 1429 tria
736 1364 860 1429 cadunt
890 1363 927 1427 in
962 1363 1112 1449 pluribus
1143 1385 1242 1449 super
1275 1362 1357 1428 falsa

305 1475 340 1535 et
376 1467 469 1533 mala.
532 1466 657 1547 Quodsi
695 1465 875 1551 aliquando
913 1471 992 1531 sunt
1036 1466 1133 1544 bona,
1171 1465 1279 1532 adhuc
1320 1465 1357 1530 in

305 1571 455 1658 pluribus
492 1575 571 1634 sunt
600 1568 799 1655 imperfecta,
823 1567 874 1633 ita
898 1568 987 1654 quod
1016 1567 1182 1632 rarissime
1212 1569 1358 1633 trahitur

306 1673 494 1760 exemplum
523 1671 775 1759 imperfectionis
798 1672 834 1734 in
860 1670 1139 1747 consuetudinem,
1164 1691 1222 1735 seu
1244 1671 1280 1735 in
1302 1692 1358 1736 ve·

305 1778 440 1842 ritatem
470 1775 551 1841 vitre
581 1796 640 1840 seu
657 1773 813 1839 scientius.
860 1772 906 1837 Et
931 1773 1053 1860 vulgus
1084 1773 1253 1838 infirmum
1272 1792 1357 1838 nun·

307 1900 408 1966 quam
439 1878 482 1943 ad
520 1877 647 1963 aliquid
684 1875 864 1962 perfectum
887 1875 989 1952 venit,
1017 1895 1078 1941 nec
1106 1896 1220 1962 capere
1250 1881 1359 1962 potest

307 1982 342 2045 in
373 1981 483 2066 aliquo
507 1985 600 2045 statu
622 2000 661 2043 ea
682 1999 757 2063 quae
784 1976 994 2063 perfectionis
1016 1983 1101 2042 sunt.
1147 1976 1236 2042 Nam
1259 1978 1359 2064 vulgo

307 2082 427 2148 sufficit
457 2087 497 2147 ut
527 2103 595 2145 non
620 2085 716 2156 emet,
744 2079 875 2143 utinam
906 2099 974 2143 non
1001 2084 1124 2145 erraret
1146 2081 1181 2144 in
1211 2080 1262 2144 his
1285 2103 1359 2166 quae

308 2185 489 2250 necessaria
527 2188 613 2248 sunt.
672 2181 738 2246 Sed
776 2180 926 2246 videmus
948 2182 1057 2268 ipsum
1080 2183 1201 2268 vulgus
1223 2183 1360 2249 humani

308 2288 436 2374 generis
470 2286 538 2349 fere
570 2286 606 2349 in
638 2284 790 2349 omnibus
820 2305 935 2362 errare,
968 2305 1035 2348 non
1069 2285 1175 2349 solum
1206 2285 1243 2348 in
1270 2306 1360 2350 sacra

310 2388 480 2474 sapientia,
506 2387 624 2451 sedin
648 2386 861 2473 philosophia,
895 2391 934 2451 ut
965 2386 1060 2452 facile
1092 2391 1188 2474 patet
1211 2387 1358 2474 sepienti.

311 2490 429 2555 Matris
466 2489 616 2575 exempla
652 2489 800 2574 sequitur
833 2488 911 2567 filia,
950 2489 1054 2576 patris
1091 2489 1187 2567 filine,
1235 2490 1361 2554 domini

310 2613 432 2671 servus,
456 2591 586 2679 praelati
608 2590 769 2667 subditus,
795 2590 945 2676 magistri
968 2591 1154 2678 discipulus.
1201 2590 1273 2657 Nec
1295 2592 1360 2656 dis·

309 2696 472 2761 cernimus
494 2716 515 2757 a
532 2693 713 2780 juventute
745 2715 788 2756 an
816 2693 968 2779 exempla
999 2694 1163 2758 seniorum
1196 2695 1265 2758 sint
1287 2694 1360 2758 imi-

310 2798 416 2863 tanda
438 2797 492 2862 vel
523 2818 611 2877 non3
645 2795 702 2860 sed
725 2795 847 2881 passim
871 2797 982 2860 omnia
1004 2797 1178 2883 recipimus
1200 2801 1361 2881 tanquam

311 2899 485 2976 salutifera,
518 2921 592 2964 eum
631 2904 744 2963 tamen
776 2902 815 2961 ut
849 2898 885 2961 in
908 2897 1060 2984 pluribus
1091 2904 1126 2961 et
1159 2898 1362 2982 frequentius

311 3008 389 3067 sunt
417 3000 578 3088 pestifera,
592 3005 673 3064 ‘tam
705 2999 742 3063 in
779 2997 891 3064 studio
924 3020 1022 3083 quam
1055 2999 1091 3062 in
1129 2999 1208 3062 vita.
1271 2998 1362 3064 Dicit

311 3106 399 3169 enim
415 3104 542 3168 Tullius
564 3104 601 3167 in
624 3101 805 3167 Hortensio
823 3097 851 3165 :¹
890 3107 908 3136 ‘⁶
921 3099 1064 3180 Quidam
1088 3101 1236 3166 obsecuti
1258 3103 1362 3167 amico

313 3214 330 3241 “
355 3207 493 3281 cuidam,
510 3211 570 3269 aut
584 3225 652 3268 una
674 3224 749 3268 cum
768 3202 879 3286 aliquo
894 3224 993 3287 quem
1016 3202 1193 3268 audierunt
1216 3204 1362 3269 oratione

314 3315 332 3342 “
355 3308 451 3394 capti,
484 3306 525 3369 de
556 3306 653 3370 rebus
685 3304 861 3389 incognitis
899 3304 1060 3389 judicant,
1099 3309 1133 3370 et
1170 3306 1212 3370 ad
1250 3329 1361 3392 quam-

314 3418 331 3443 “
355 3430 483 3493 cunque
507 3407 712 3494 disciplinam
736 3407 830 3491 quasi
847 3411 1046 3494 tempestate
1072 3407 1182 3486 delati,
1203 3415 1362 3496 tanquam

315 3519 331 3546 “
355 3512 399 3575 ad
422 3532 538 3575 saxum
561 3511 781 3574 inhaerescunt
796 3555 828 3574 ..
851 3509 1071 3596 .Plerumque
1093 3533 1200 3576 errare
1223 3513 1361 3590 malunt,

315 3622 333 3650 “
356 3635 493 3697 eamque
539 3612 735 3677 sententiam
774 3633 875 3698 quem
904 3613 1144 3677 adamaverunt
1181 3613 1361 3691 defendere,

316 3726 333 3750 “
357 3738 455 3801 quam
479 3715 549 3779 sine
572 3714 753 3800 pertinacia
775 3715 961 3800 perquirere
984 3715 1065 3800 quid
1103 3717 1363 3781 constantissime

316 3827 333 3853 “
357 3816 512 3882 dicatur.''
559 3815 770 3882 Consuetudo
803 3816 935 3902 quidem
965 3817 1069 3883 altera
1091 3823 1211 3882 natura
1244 3824 1303 3897 est,
1325 3825 1363 3884 ut

314 3920 395 3985 dicit
425 3919 620 3984 Aristoteles
651 3918 735 3983 libro
767 3919 1031 3984 Problematum.³
1079 3920 1178 3985 Unde
1210 3920 1233 3986 J
1235 3921 1364 3986 eremise

314 4021 554 4087 tertiodecimo
577 4021 722 4108 capitulo
736 4021 831 4108 [23]:
859 4020 925 4086 “Si
947 4027 1075 4086 mutare
1094 4029 1201 4109 potest
1225 4023 1364 4111 Ethiops

318 4134 334 4158 “
358 4125 475 4210 pellem
500 4147 601 4201 suam,
619 4128 654 4188 et
669 4125 791 4210 pardus
813 4124 1009 4189 varietatem
1033 4146 1134 4202 suern,
1151 4132 1186 4190 et
1200 4148 1259 4190 vos
1274 4132 1363 4213 pote-

317 4237 332 4260 “
358 4228 430 4292 ritis
451 4227 639 4293 benefacere
661 4248 735 4291 cum
759 4226 939 4292 didiceritis
961 4226 1074 4291 mala.''
1120 4228 1166 4292 Et
1188 4228 1260 4294 ideo
1283 4229 1365 4295 dicit

492 4491 957 4499 ..‚--—-——-—--—--—---—-
970 4492 1285 4499 -.-...-·--—-..--—-..-
1293 4493 1304 4497 -
1322 4494 1360 4499 .—

352 4660 397 4707 ¹in
411 4657 555 4724 Hortensio]
569 4657 648 4711 Acad.
661 4659 741 4710 Prior.
754 4659 781 4710 ii.
794 4664 816 4710 3.
843 4656 848 4726 Ι
896 4657 1105 4726 'Praemium
1120 4667 1239 4723 utsupra
