3586 5640
465 774 529 839 266
842 784 970 837 nosses
995 784 1139 836 essoris
1426 770 1514 858 [err.

462 965 554 1032 libris
578 964 681 1042 dictis,
697 963 808 1028 nullus
829 969 938 1049 potest
956 963 1147 1052 intelligere,
1162 985 1222 1030 nec
1242 962 1514 1051 comprehendere

462 1069 640 1134 secundum
663 1070 733 1155 ejus
754 1066 924 1145 rationem,
945 1067 1011 1131 nisi
1033 1067 1114 1132 sciat
1136 1065 1178 1132 de
1200 1066 1314 1132 metris
1337 1071 1372 1132 et
1394 1065 1512 1153 rhyth-

462 1171 547 1251 mis3
586 1176 666 1236 tunc
700 1170 742 1235 ad
776 1168 909 1256 plenum
943 1168 1149 1235 intellectum
1177 1174 1290 1235 textus
1314 1168 1379 1236 Dei
1404 1184 1513 1235 neces-

462 1273 548 1339 saria
571 1279 622 1339 est
644 1274 780 1338 scientia
803 1273 843 1337 de
866 1273 980 1337 metris
1004 1275 1039 1338 ct
1060 1273 1234 1358 rhythmis,

508 1375 652 1463 Spiritus
674 1375 761 1440 enim
785 1374 926 1440 Sanctus
948 1397 1015 1439 non
1038 1376 1073 1439 in
1096 1397 1236 1440 vacnum
1258 1373 1399 1462 protulit
1421 1394 1514 1439 suam

462 1477 666 1565 sapientiam,
691 1477 753 1542 sub
775 1477 902 1564 legibus
924 1477 1067 1542 metricis
1094 1481 1128 1543 et
1150 1477 1347 1563 rhythmicis
1369 1497 1516 1562 compre«
1561 1492 1563 1497 '

463 1578 615 1663 hensam3
638 1581 740 1646 immo
766 1602 929 1645 summam
943 1580 1144 1645 suavitatem
1170 1580 1206 1644 in
1232 1580 1294 1644 hoc
1317 1577 1514 1666 exprimens,

462 1682 570 1750 voluit
592 1703 651 1749 nos
673 1683 801 1748 allicere
823 1683 866 1747 sd
889 1681 1049 1747 interiora
1078 1683 1250 1770 sapientiae
1280 1680 1412 1762 divinae,
1436 1703 1515 1767 qua—

462 1791 559 1852 tenus
582 1808 640 1873 per
661 1786 731 1852 haec
751 1784 919 1850 musicalia
939 1784 1108 1850 sensibilia
1126 1806 1317 1872 raperemur
1336 1785 1380 1850 ad
1399 1784 1515 1850 invisi·

462 1883 545 1954 bilia
566 1886 639 1966 Dei,
657 1889 743 1953 sicut
765 1887 846 1952 dicit
860 1887 1070 1973 Augustinus
1085 1887 1170 1952 libro
1187 1885 1474 1952 Retractationum
1486 1886 1511 1965 ;1

463 1991 581 2078 quibus
610 1990 675 2056 viis
701 2014 735 2056 se
765 1989 912 2055 ostendit
942 1989 1105 2076 sapientis
1136 1988 1295 2068 hilariter,
1319 1991 1404 2054 sicut
1434 1989 1515 2055 dicit

462 2094 550 2161 idem
573 2093 782 2181 Augustinus
804 2094 848 2158 ad
871 2090 1064 2159 Homerum.

508 2195 596 2263 Item
611 2197 672 2262 hoc
694 2218 799 2285 genus
818 2195 978 2260 sermonis
992 2191 1163 2282 congruit³
1178 2194 1321 2260 maxime
1343 2193 1515 2281 sapientise

464 2298 536 2365 Dei
582 2297 680 2380 Nam,
704 2302 743 2363 ut
766 2297 904 2384 probavi
926 2297 962 2360 in
985 2295 1105 2382 Majori
1140 2295 1255 2383 Opere,
1280 2295 1407 2362 duobus
1436 2296 1516 2362 locis

463 2399 634 2489 praecipue‚
658 2405 693 2465 ct
715 2399 853 2487 exposui
882 2399 919 2462 in
948 2398 1067 2485 quinta
1088 2400 1183 2485 parte
1207 2395 1342 2465 Moralis
1369 2397 1516 2464 Philoso

464 2502 558 2589 phiae,
589 2499 728 2587 [quod]³
754 2506 986 2588 argumentum
1008 2501 1185 2587 posticum,
1208 2501 1297 2588 quod
1320 2507 1371 2566 est
1393 2501 1515 2567 morale

463 2609 498 2670 et
519 2602 747 2691 theologicum,
772 2601 870 2668 debet
895 2601 967 2668 fieri
997 2623 1072 2668 oum
1104 2601 1350 2689 pulchritudine
1380 2603 1518 2669 metrica

464 2711 498 2773 et
522 2704 718 2793 rhythmica,
741 2707 827 2771 sicut
849 2703 1043 2770 Aristoteles
1075 2704 1171 2771 docet
1202 2706 1238 2769 in
1268 2702 1353 2770 libro
1386 2724 1446 2772 suo
1476 2704 1517 2771 de

463 2806 524 2875 hcc
561 2813 763 2896 argumento,
795 2811 830 2873 et
861 2807 1034 2873 Avicenna
1072 2812 1106 2872 et
1143 2828 1256 2872 omnes
1293 2807 1354 2872 hoc
1391 2806 1516 2874 docent

462 2906 552 2977 Nam
589 2908 812 2998 Alpharabius
837 2910 911 3001 hoc
949 2908 1030 2975 dicit
1066 2909 1103 2973 in
1140 2906 1225 2974 libro
1271 2909 1312 2974 de
1351 2908 1515 2990 Scientiis,

463 3015 607 3101 capitulo
630 3012 670 3079 de
694 3012 822 3101 Logica,
848 3013 936 3098 quod
966 3015 1198 3099 argumentum
1229 3011 1290 3076 hoc
1320 3009 1419 3078 dehet
1448 3034 1517 3078 esse

463 3117 603 3182 sublime
640 3121 674 3182 et
712 3117 866 3181 decorum
913 3137 971 3202 per
1015 3114 1295 3201 pulchritudinem
1340 3115 1438 3180 metri
1483 3119 1518 3180 et

464 3219 623 3306 rhythmi,
651 3223 814 3304 quatenus
847 3217 977 3282 animus
1007 3216 1118 3282 subito
1151 3221 1185 3281 et
1208 3217 1340 3282 fortiter
1369 3218 1517 3304 rapiatur

464 3318 508 3385 ad
531 3343 675 3385 amorem
697 3321 746 3385 rei
769 3318 953 3407 persuasae⁴
978 3321 1007 3385 si
1030 3321 1075 3384 sit
1096 3317 1228 3396 bonum,
1253 3319 1306 3385 vel
1337 3318 1380 3385 ad
1410 3319 1516 3385 detes-

463 3425 624 3489 tationem
663 3423 691 3487 si
728 3424 773 3488 sit
809 3424 943 3488 malum.
1002 3423 1048 3488 Et
1081 3423 1142 3487 hoc
1180 3427 1373 3510 argumento
1411 3423 1518 3488 utitur

463 3525 593 3590 moralis
619 3523 826 3612 philosophia
852 3530 886 3590 et
909 3524 1010 3590 Sacra
1033 3524 1212 3611 Scriptura,
1241 3529 1280 3590 ut
1313 3525 1449 3611 exposui
1482 3526 1517 3589 in

462 3632 555 3714 parte
579 3625 709 3714 quinta⁵
725 3626 909 3693 Moralium.
962 3627 1007 3692 Et
1030 3628 1104 3692 ideo
1127 3627 1289 3713 sapientia
1310 3627 1374 3692 Dei
1395 3627 1432 3692 in
1454 3625 1516 3691 lin-

463 3753 531 3818 gua
550 3731 723 3820 primitiva
746 3729 864 3795 hebuit
884 3753 980 3795 nsum
1001 3729 1097 3796 istius
1119 3731 1306 3817 argumenti
1327 3752 1386 3816 per
1399 3734 1516 3795 totum.

464 3833 551 3899 Nam
574 3856 641 3900 non
664 3855 791 3921 semper
818 3833 857 3897 fit
888 3833 949 3898 hoc
978 3855 1080 3921 genus
1110 3829 1313 3920 argumenti⁰
1341 3854 1400 3919 per
1429 3830 1517 3919 leges

464 3936 563 4002 metri
586 3940 621 4003 et
643 3935 801 4022 rhythmi,
826 3934 883 4000 sed
907 3958 964 4022 per
986 3933 1108 4001 colores
1131 3934 1310 4001 rhetoricos
1331 3943 1366 3999 et
1388 3953 1516 3999 omnem

465 4043 618 4105 ornatum
641 4039 799 4104 sermonis
811 4064 819 4120 ;
843 4042 877 4103 et
900 4039 974 4103 ideo
989 4036 1113 4122 ubique
1136 4041 1186 4102 est
1209 4038 1270 4102 hoc
1287 4042 1518 4125 argumentum

464 4163 648 4228 respersum
675 4143 710 4204 in
738 4141 914 4227 Scriptura
962 4141 1027 4205 Sed
1060 4140 1236 4225 aliquando
1267 4150 1420 4226 prosaice,
1444 4162 1518 4205 cum

465 4246 554 4307 omni
578 4244 743 4307 suavitate
765 4243 938 4323 rhetorica,
960 4248 1000 4307 ut
1028 4243 1167 4328 probavi
1200 4264 1259 4328 per
1292 4243 1518 4329 Augustinum

496 4415 520 4420 -.
533 4413 861 4421 m.———-.—--.--
875 4415 1033 4421 ...—...--.
1046 4415 1061 4420 ..
1082 4416 1085 4419 .
1130 4415 1142 4419 ..
1155 4415 1218 4419 --.-.,-
1246 4413 1354 4420 .—-——-.
1372 4411 1515 4420 .·—-——-n-

498 4523 504 4551 ¹
520 4521 737 4586 Retractatr'onum]
752 4528 780 4570 nt
790 4536 872 4585 supra.
1052 4524 1060 4551 ⁴
1068 4522 1208 4588 persuasae]
1228 4537 1277 4572 om.
1290 4521 1321 4571 T.

500 4599 645 4666 ’congruifl
666 4600 791 4663 convenit,
803 4601 834 4652 T.
1052 4603 1061 4629 ⁵
1069 4609 1142 4666 parte
1153 4599 1252 4667 quinta]
1272 4601 1360 4666 quinta
1370 4601 1490 4667 parle‚T.

499 4678 596 4747 Ἰνώ]
616 4679 683 4744 quis,
697 4678 725 4728 Τ.
1051 4679 1141 4730 ‘Nam
1157 4718 1189 4733 ..
1212 4719 1217 4731 .
1237 4718 1243 4732 .
1262 4681 1410 4748 argumenti]
1429 4696 1478 4732 om.
1488 4681 1519 4731 Τ.
