3586 5640
717 790 806 843 orus
827 792 946 844 ursus
1292 781 1357 845 365

306 964 449 1030 virtutes
464 964 619 1042 coelestes,
633 965 690 1031 sed
706 967 833 1032 eductae
849 967 890 1030 de
905 966 1056 1053 potentia
1067 965 1237 1046 moteriae3
1257 989 1359 1053 quare

306 1088 367 1132 neo
398 1066 504 1131 forma
535 1068 642 1132 mixti.
691 1068 776 1134 Item
812 1069 981 1154 generatio
1011 1068 1111 1133 mixti
1140 1068 1181 1133 fit
1210 1069 1265 1134 vel
1295 1071 1359 1135 erit

306 1169 347 1234 de
370 1169 520 1255 potentia
542 1171 713 1249 materiae3
744 1169 803 1236 sed
825 1170 965 1235 materia
987 1168 1041 1235 hic
1064 1175 1114 1235 est
1136 1171 1278 1235 essentia
1299 1171 1359 1235 ali-

305 1273 398 1357 cujus
420 1274 558 1359 generis,
590 1280 624 1339 et
659 1274 766 1339 omnis
800 1274 942 1340 essentia
975 1273 1103 1359 generis
1134 1272 1168 1337 in
1202 1274 1358 1360 praedica-

307 1380 419 1440 mento
441 1375 638 1442 substentiae
660 1383 711 1442 est
735 1377 914 1463 composita
936 1397 979 1441 ex
1002 1376 1142 1440 materia
1162 1375 1360 1461 incompleta

305 1483 340 1541 et
362 1476 467 1541 forma
488 1478 694 1564 incompleta,
718 1477 811 1563 cujus
840 1478 947 1543 forma
979 1498 1039 1564 per
1070 1477 1230 1542 virtutem
1263 1499 1359 1564 gene

305 1579 409 1643 rantis
432 1579 520 1645 cedit
535 1580 572 1644 in
586 1580 725 1645 formam
740 1581 933 1666 specificam,
949 1579 1152 1666 completam,
1169 1584 1204 1644 et
1219 1580 1359 1645 materia

306 1681 342 1744 in
364 1682 546 1761 materiam,
571 1688 611 1747 ut
644 1682 861 1769 compositum
895 1682 1080 1769 specificum
1110 1687 1293 1768 generetur,
1324 1688 1359 1747 et

306 1804 393 1847 rrova
417 1784 720 1870 materiaspooifica
735 1784 998 1862 aenovalaus,
1024 1784 1110 1849 siout
1130 1784 1266 1849 docetur
1288 1806 1360 1870 sep·

307 1885 390 1950 timo
411 1884 734 1972 Metoplrysicorum,¹
761 1887 820 1951 ubi
845 1886 965 1973 probat
980 1886 1068 1972 quod
1095 1908 1162 1951 non
1181 1892 1359 1973 generatur

306 1987 411 2052 forma
434 1994 575 2069 tantum,
605 1989 663 2054 sed
685 1989 903 2075 compositum
926 2009 968 2053 ex
990 1988 1130 2053 materia
1152 1988 1302 2073 specifica
1323 1993 1359 2053 et

306 2088 412 2153 forma
448 2091 604 2176 specifica
660 2090 706 2155 Et
743 2091 826 2156 illud
863 2096 914 2155 est
952 2090 1168 2170 verissimum,
1206 2096 1241 2155 et
1277 2089 1358 2154 alibi

306 2193 410 2276 nragis
433 2193 685 2258 certificandum.
732 2193 938 2279 Quapropter
960 2192 1109 2278 specifica
1130 2192 1237 2257 forma
1258 2192 1358 2257 mixti

307 2293 498 2377 producitur
520 2294 561 2360 de
584 2296 689 2360 forma
712 2296 875 2381 completa
896 2294 1005 2381 priori.
1052 2293 1119 2360 Sed
1141 2295 1202 2359 hoc
1228 2316 1295 2358 non
1317 2294 1359 2359 fit

308 2416 365 2479 per
387 2395 592 2462 additionem
616 2397 755 2482 alicujus
786 2396 973 2476 extrinseci,
994 2401 1033 2461 ut
1056 2395 1251 2461 Aristoteles
1278 2395 1358 2461 dicit

307 2517 394 2560 nono
406 2496 714 2585 Metaphysicorum‚
731 2504 766 2564 et
782 2504 901 2584 quarto
919 2497 1144 2583 Physicorum,
1157 2497 1301 2584 capitulo
1317 2498 1357 2564 de

309 2596 426 2663 Vacuo.
473 2599 539 2664 Sed
570 2623 638 2666 una
660 2608 695 2666 et
729 2602 844 2666 eadem
877 2601 1019 2666 essentia
1042 2622 1224 2686 numquam
1241 2600 1358 2665 .habet

307 2721 375 2764 esse
407 2701 601 2788 incomplete
632 2709 746 2789 postea
787 2703 989 2788 completius,
1019 2725 1094 2768 cum
1124 2703 1284 2768 educatur
1318 2704 1358 2767 de

306 2803 457 2885 potentio
480 2805 629 2870 materiae
651 2826 825 2890 peragens
848 2804 884 2868 in
907 2811 1019 2870 actum
1042 2805 1248 2889 completum,
1273 2805 1359 2869 sicut

306 2903 418 2968 cadem
441 2926 493 2969 res
516 2911 566 2971 est
589 2907 734 2990 embryo,
758 2927 839 2991 puer
860 2910 894 2969 et
918 2906 980 2983 vir,
1004 2909 1037 2968 et
1058 2904 1152 2968 vadit
1174 2906 1215 2969 de
1236 2905 1359 2967 incom-

307 3003 394 3089 pleto
418 3027 488 3072 esso
517 3008 560 3072 ad
594 3007 878 3093 complementum.
930 3003 1139 3068 Manifestum
1173 3003 1277 3089 igitur
1308 3010 1358 3068 est

306 3108 394 3191 qnod
417 3113 527 3173 totum
550 3110 694 3174 mixtum
717 3113 768 3173 est
783 3107 824 3172 de
839 3111 961 3170 natura
983 3104 1182 3170 elementari.
1214 3105 1260 3169 Et
1283 3106 1357 3170 ideo

306 3209 412 3273 forma
434 3210 505 3294 ejus
528 3216 578 3275 est
611 3211 652 3275 de
687 3209 800 3274 fonnis
823 3209 1069 3287 elementorum,
1094 3213 1128 3273 et
1156 3207 1295 3273 materia
1317 3208 1357 3273 dc

308 3311 458 3375 materiis

353 3410 448 3489 Quod
471 3417 583 3476 autem
613 3413 808 3478 Aristoteles
839 3412 921 3478 dicit
951 3411 1092 3497 septimo
1116 3411 1358 3499 Metaplrysico-

308 3534 388 3587 rum,
416 3511 517 3576 habet
539 3533 670 3578 sensum
693 3538 788 3580 suum
820 3514 1029 3579 manifestum
1054 3537 1095 3579 ex
1117 3515 1235 3593 litera3
1280 3539 1357 3580 nam

307 3613 375 3697 ipse
398 3614 546 3699 loquitur
572 3615 620 3679 ibi
646 3617 686 3681 de
709 3618 851 3682 veritate
875 3615 1049 3700 cujuslibet
1079 3618 1258 3701 compositi,
1290 3639 1357 3681 non

307 3724 418 3779 tamon
452 3717 551 3782 mixti
585 3716 626 3782 de
658 3741 723 3803 quo
753 3719 919 3805 loquimur
951 3719 1012 3783 hic.
1058 3717 1104 3781 Et
1134 3719 1255 3801 quaerit
1277 3740 1357 3803 quo·

308 3817 403 3880 modo
430 3820 552 3903 poterit
576 3841 645 3885 esse
671 3842 784 3900 unum,
809 3827 843 3886 ct
866 3819 1051 3885 materialia
1074 3818 1236 3905 principia
1260 3827 1357 3886 vocat

306 3918 476 3997 elementa,
493 3922 673 3987 secundum
699 3923 787 4008 quod
813 3923 850 3986 in
876 3921 1017 3987 secundo
1034 3920 1355 4006 Metaphysieorum‘2

307 4023 477 4088 materiam
500 4030 597 4089 vocat
617 4026 823 4104 elementum,
849 4024 979 4109 quando
1004 4023 1085 4087 dicit
1107 4023 1195 4109 quod
1217 4024 1357 4089 elemen-

307 4130 378 4188 tum
403 4132 453 4190 est
476 4127 558 4191 illud
581 4128 669 4212 quod
692 4134 743 4192 ost
766 4127 921 4191 ultimum
944 4127 980 4189 in
1003 4124 1202 4192 resolutione
1225 4126 1279 4190 rei.
1311 4125 1356 4191 Et

308 4224 368 4290 hoc
400 4237 449 4292 est
488 4229 658 4294 materiale
696 4229 894 4315 principium
932 4226 1021 4312 quod
1058 4232 1109 4293 est
1139 4227 1282 4313 primum
1320 4229 1356 4292 in

305 4329 514 4411 generatione
549 4329 618 4414 ejus
652 4335 687 4396 et
718 4330 822 4395 radix.
884 4329 1092 4394 Elementum
1124 4329 1229 4416 igitur
1259 4337 1356 4398 vocat

550 4532 923 4539 ---..-—..-.-...----..--.··
934 4533 938 4538 -
963 4533 1109 4540 .-.—-.-

340 4658 459 4724 lsepu'mo
470 4655 705 4725 Meeaptyeicorum]
718 4654 762 4708 vii.
776 4661 798 4707 7.
823 4655 829 4727 Ι
877 4656 999 4708 'arraudo
1010 4657 1243 4725 Meluplyaicorum]
1256 4660 1283 4709 ii.
1295 4666 1318 4709 4.
