3586 5640
462 767 505 829 52
834 777 962 829 roomo
984 777 1131 828 moeurs
1421 763 1510 853 [cer.

461 949 618 1035 quaelibet
642 949 684 1014 ad
711 948 954 1014 conversionem
982 949 1163 1014 infidelium
1195 950 1372 1015 secundum
1403 953 1512 1017 varias

461 1057 640 1138 potestates
662 1055 836 1137 operatur3
859 1050 937 1135 quia
959 1072 1024 1114 non
1048 1051 1156 1115 minus
1180 1073 1238 1136 per
1261 1072 1360 1136 opera
1383 1053 1510 1138 sapien·

460 1154 518 1220 tite
547 1152 711 1219 mirabilia
759 1173 832 1238 quae
861 1151 951 1237 prius
985 1151 1183 1237 ignoramus,
1215 1156 1250 1217 et
1286 1153 1448 1218 credimus
1470 1161 1511 1218 ut

460 1261 573 1342 postea
610 1254 842 1340 intelligamus,
875 1252 1031 1338 erigimur
1060 1252 1102 1318 ed
1140 1254 1305 1340 magnalia
1333 1254 1411 1320 fidei
1442 1277 1508 1320 cre·

459 1356 575 1436 dendo,
592 1376 690 1441 quam
710 1377 769 1442 per
790 1353 1025 1440 speculationes
1048 1354 1255 1440 sapientiales
1277 1357 1509 1443 persuademur

460 1457 501 1522 de
525 1457 586 1522 hac
610 1456 723 1522 eadem
748 1454 821 1520 fide.
877 1454 1018 1536 Quando
1049 1456 1138 1521 enim
1167 1457 1317 1522 videmus
1346 1457 1511 1524 mirabilia

459 1557 496 1622 in
517 1558 720 1644 perspectiva
742 1559 776 1622 et
798 1555 872 1622 aliis
894 1555 1049 1633 scientiis,
1066 1577 1139 1642 quae
1159 1564 1237 1624 ante
1259 1559 1509 1625 instructionem

362 1661 363 1664 ’
458 1665 648 1745 reputamus
671 1656 893 1743 impossibilia,
917 1663 997 1723 tunc
1021 1658 1117 1745 longe
1140 1660 1247 1746 magis
1273 1661 1429 1728 debemus
1450 1683 1510 1726 nos

458 1760 631 1826 humiliare
668 1764 796 1824 mentes
830 1770 957 1825 nostras
995 1759 1118 1824 divinis
1148 1761 1346 1827 veritatibus
1376 1768 1415 1828 ut
1444 1785 1511 1828 cre-

457 1863 573 1927 damus
603 1882 666 1938 eas,
697 1859 848 1946 quamvis
877 1859 961 1926 sint¹
987 1882 1087 1946 supra
1110 1861 1311 1927 intellectum
1337 1869 1511 1944 nostrum;

456 1985 530 2030 oum
559 1962 606 2029 sic
635 1967 713 2029 sunt
743 1960 884 2028 infinitae
912 1963 1069 2029 veritates
1106 1963 1143 2028 in
1169 1965 1334 2045 creaturis,
1370 1987 1510 2052 quarum

457 2064 582 2129 nullam
604 2063 766 2129 rationem
788 2064 978 2150 possumus²
992 2063 1121 2143 habere,
1144 2071 1180 2131 et
1201 2071 1314 2145 tamen
1335 2067 1510 2154 recipimus

457 2187 520 2244 eas,
544 2165 677 2251 quando
698 2165 895 2231 instruimur
918 2166 1031 2232 ineis

452 2325 454 2328 Α
502 2265 629 2346 Quinta
652 2286 728 2331 vero
750 2287 826 2352 pars
848 2271 900 2332 est
922 2267 963 2332 de
986 2272 1082 2334 seotae
1100 2267 1172 2354 jem
1194 2290 1356 2356 persuasae
1378 2277 1413 2336 et
1435 2291 1508 2357 pro

288 2369 379 2468 mmo
407 2373 429 2459 ζ
455 2366 562 2434 batae³
581 2367 819 2449 exhortatione,
838 2369 881 2434 ad
903 2368 1107 2455 implendum
1129 2370 1165 2434 in
1188 2392 1283 2458 opere
1305 2373 1404 2438 etad
1426 2371 1510 2437 nihil

453 2467 638 2535 faciendum
662 2469 699 2534 in
724 2468 945 2550 contrarium3
976 2473 1011 2535 et
1036 2471 1091 2536 hic
1114 2471 1260 2558 exigitur
1283 2475 1399 2539 modus
1425 2496 1508 2559 prse-

453 2570 636 2637 dicationis
682 2570 727 2636 Et
752 2575 822 2636 tam
846 2571 916 2636 haec
939 2592 1015 2657 pers
1040 2591 1141 2656 quam
1173 2578 1292 2658 quarta
1317 2575 1427 2639 utitur
1450 2597 1507 2659 po-

451 2677 573 2741 tenter
591 2675 717 2757 ornatu¹
739 2671 910 2751 rhetorico,
941 2692 1010 2737 non
1033 2672 1140 2738 solum
1167 2673 1203 2738 in
1229 2673 1348 2754 verbis,
1373 2674 1430 2738 sed
1454 2673 1506 2738 et⁴

452 2775 488 2842 in
522 2775 704 2854 sententiis,
742 2778 777 2841 et
813 2774 850 2838 in
887 2774 1036 2862 gestibus
1073 2774 1225 2862 corporis,
1256 2779 1293 2841 et
1329 2775 1365 2840 in
1403 2775 1504 2839 animi

451 2878 605 2960 motibus,
636 2877 722 2944 sicut
750 2897 811 2963 ego
843 2875 970 2942 declaro
1004 2898 1063 2964 per
1094 2877 1218 2944 radices
1248 2882 1376 2963 certes,
1392 2898 1506 2942 secun·

452 2980 532 3046 dum
569 2980 642 3046 vias
676 2983 863 3045 sanctorum
901 2974 955 3044 et⁵
985 3000 1053 3045 non
1090 2978 1196 3044 solum
1233 2977 1506 3065 philosophorum.

429 3067 541 3147 .Nam
572 3086 612 3147 ut
634 3077 865 3168 Augmtinus⁶
888 3080 991 3158 docet,
1015 3086 1133 3166 quarto
1163 3080 1204 3146 de
1220 3079 1379 3146 Doctrina
1397 3080 1507 3146 tlnis-

450 3184 551 3265 tiana,
592 3204 721 3248 summa
757 3182 947 3268 eloquentia
984 3189 1035 3249 est
1072 3182 1109 3247 in
1146 3203 1208 3248 usu
1245 3188 1432 3249 sanctorum
1470 3185 1505 3248 in

451 3284 642 3371 Scriptum
664 3288 699 3349 et
721 3283 846 3371 optime
869 3284 930 3349 hoc
952 3285 1055 3351 docet.

495 3384 593 3450 Hanc
621 3388 733 3451 autem
764 3389 892 3472 partem
917 3386 1010 3452 elevo
1034 3384 1078 3452 ad
1105 3386 1380 3453 considerationes
1403 3387 1505 3453 scien-

450 3487 582 3564 tiarum,
608 3485 687 3572 quia
717 3508 869 3574 comparo
897 3509 970 3553 eam
996 3487 1160 3554 adesum
1190 3488 1373 3578 theologiae‚
1399 3495 1434 3554 et
1464 3491 1506 3554 si-

450 3588 575 3654 militer
603 3585 700 3674 facio
716 3588 757 3653 de
787 3588 940 3655 omnibus
971 3611 1046 3676 quae
1077 3589 1199 3676 scripsi,
1231 3595 1302 3656 tam
1331 3591 1367 3656 in
1398 3590 1505 3677 Opone

451 3688 571 3776 Majori
590 3710 689 3777 qusm
710 3689 842 3756 Minori.
890 3690 979 3757 Nam
1006 3713 1074 3757 una
1098 3693 1298 3779 comparatio
1325 3698 1376 3759 est
1399 3693 1504 3778 philo-

450 3792 574 3880 sophias
596 3791 640 3857 ed
661 3791 869 3880 theologiam,
892 3798 932 3859 ut
954 3815 1039 3882 saepe
1062 3792 1142 3858 dixi

285 3904 427 3966 inerint,
495 3893 601 3961 Sexta
629 3914 707 3959 vero
737 3916 813 3982 pars
841 3894 975 3960 moralis
1004 3895 1220 3983 philosophiae
1249 3901 1301 3961 est
1329 3895 1370 3959 de
1400 3895 1504 3958 causis

280 3973 403 4090 iffi
450 3995 651 4064 ventilandis
677 4018 786 4062 coram
807 3996 919 4084 judice
942 3997 1032 4064 inser
1057 4002 1175 4085 prees
1203 4002 1243 4063 ut
1268 3996 1330 4061 fiac
1349 3995 1503 4084 jussum

283 4107 412 4171 somery.
450 4098 508 4164 sed
529 4096 614 4164 hano
636 4096 739 4164 solam
762 4103 864 4186 tango
886 4103 1021 4186 propter
1044 4121 1166 4177 causas,
1191 4119 1272 4184 quas
1295 4097 1432 4185 assigno.

486 4415 492 4447 ¹
505 4415 567 4482 su]
586 4423 653 4475 sunt,
669 4415 700 4466 a.

484 4495 494 4524 ¹
500 4493 639 4560 mus]
658 4494 801 4556 sufficimus,
812 4495 842 4546 T.

483 4576 626 4640 'mm
637 4572 791 4640 etpmtasoe]
805 4575 914 4639 probata
926 4582 950 4626 ct
1033 4563 1043 4593 ⁸
1054 4562 1090 4628 et]
1110 4577 1159 4613 om.
1175 4561 1205 4613 a

450 4667 581 4721 ΜΝ*
597 4653 628 4704 Τ·
1033 4651 1220 4720 ’,41913ίὶυὴ
1255 4653 1302 4706 See
1313 4654 1400 4715 above,
1413 4667 1435 4718 p.
1450 4657 1473 4705 7.

1034 4456 1092 4524 ⁴et]
1112 4473 1161 4508 om.
1179 4456 1209 4508 Τ.
