3586 5640
465 757 531 820 200
837 769 967 823 nouam
990 769 1136 822 mcoms
1428 761 1516 847 [car.

463 944 566 1009 cando
589 944 680 1021 alios,
697 950 732 1010 et
755 946 949 1032 exponendo
966 945 1178 1033 scripturam,
1196 953 1230 1013 et
1252 946 1418 1014 laudando
1445 971 1518 1015 eam

462 1067 561 1132 super
584 1068 696 1112 omnes
726 1047 809 1112 alias
832 1048 996 1114 scientias.
1044 1047 1103 1129 ,Et
1133 1048 1211 1114 licet
1242 1049 1278 1113 in
1313 1049 1420 1135 Opere
1446 1050 1519 1116 Mu·

455 1147 527 1233 ‚jori
557 1148 698 1234 probavi
733 1149 793 1215 hoc
825 1172 884 1237 per
921 1151 1042 1216 multas
1079 1150 1294 1217 auctoritates
1321 1157 1517 1230 sanctorum,
1623 1176 1631 1185 ·

465 1248 592 1315 tamen¹
629 1250 683 1316 hic
714 1251 791 1317 volo
824 1273 926 1317 unam
959 1275 1072 1319 earum
1095 1253 1224 1331 referre,
1249 1275 1323 1340 quae
1346 1259 1396 1320 est
1417 1277 1518 1342 gene·

464 1351 542 1417 ralis
565 1353 608 1418 ad
631 1357 738 1419 totam
769 1355 1038 1420 mathematicam
1061 1359 1096 1420 et
1118 1361 1261 1442 quatuor
1292 1355 1362 1442 ejus
1395 1361 1517 1443 partes,

463 1474 537 1539 quae
571 1460 650 1520 sunt
680 1456 869 1541 geometria,
902 1457 1117 1535 arithmetica,
1150 1459 1358 1539 astronomia,
1381 1458 1518 1525 musica.

284 1562 340 1616 The
348 1564 442 1629 praua
463 1555 556 1622 Dicit
582 1579 657 1622 eum
689 1558 931 1636 Cassiodorus‚2
963 1560 1076 1626 doctor
1101 1560 1246 1627 famosus
1278 1561 1314 1626 in
1341 1560 1515 1648 theologia,

284 1632 450 1749 &amm
463 1657 522 1724 has
544 1660 697 1726 scientias
720 1667 863 1747 quatuor
884 1661 964 1727 dum
987 1662 1128 1728 sollicita
1159 1668 1272 1729 mente
1305 1663 1515 1741 revolvimur,

284 1778 357 1816 Μ
374 1765 409 1830 bv
462 1783 594 1827 sensum
625 1769 757 1841 acuunt,
781 1764 962 1850 limumque
984 1763 1182 1851 ignorantias
1205 1765 1393 1852 detergunt,
1416 1771 1450 1831 et
1472 1766 1517 1831 ad

284 1830 440 1883 ‘imm'
459 1864 551 1931 illam
588 1866 824 1953 speculativam
864 1866 1198 1954 contemplationem,³
1237 1868 1383 1934 Domino
1420 1868 1519 2033 lap-gii

479 1989 502 2032 n
755 2017 762 2035 .
975 1991 991 2032 r
1417 1991 1439 2033 n

460 1969 785 2158 tharith,
808 1969 1518 2160 fflhffiihinillifflaissiaffia

461 2174 649 2241 camalihus
672 2175 770 2241 rebus
794 2175 1021 2256 abstrahitur3
1044 2181 1080 2242 et
1094 2175 1222 2242 faciunt
1244 2175 1426 2242 desiderare
1442 2198 1517 2261 quae

461 2277 538 2356 solo,
556 2278 700 2343 Domino
723 2277 894 2365 largiente,
911 2276 1026 2344 οοῐάο5
1040 2299 1211 2364 possumus
1232 2277 1398 2365 respicere
1428 2277 1517 2359 Quo·

461 2380 559 2445 modo
574 2386 686 2446 autem
701 2379 838 2446 laudant
853 2380 960 2446 saneti
981 2379 1129 2468 singulas
1145 2385 1256 2468 partes
1272 2381 1518 2448 mathematicae

463 2482 642 2548 secundum
666 2504 709 2560 se,
733 2488 767 2548 et
789 2481 826 2548 in
848 2481 1048 2569 particulari,
1072 2488 1167 2570 patet
1188 2504 1232 2548 ex
1255 2482 1363 2570 Opere
1387 2482 1516 2571 Majori.

285 2589 390 2674 Ther·
509 2584 640 2651 Deinde
663 2585 822 2651 descendo
845 2585 887 2650 ad
909 2584 1092 2651 utilitatem
1107 2585 1349 2653 mathematicae
1369 2591 1519 2675 respectu

286 2662 427 2794 ffifflo
464 2686 639 2776 theologiae
661 2687 767 2775 magis
789 2687 982 2774 specialiter,
1005 2692 1040 2753 et
1062 2687 1200 2754 ostendo
1223 2687 1311 2773 quod
1333 2687 1370 2753 in
1391 2693 1517 2775 septem

285 2793 338 2846 inte
366 2802 405 2847 ret
527 2791 534 2806 ⁸
557 2791 564 2804 '
754 2790 761 2805 ⁹
958 2789 965 2804 ”
1289 2790 1296 2804 ’

285 2810 441 2994 gh,
463 2791 989 2983 {tillimttzlltlsssa
1002 2791 1523 2974 ἕῖωὲῗῗξὲΐῖῃέῗῒὲῗ

287 2995 421 3061 Scriptum
463 3020 553 3085 pora,
588 2997 754 3084 passiones
787 2997 980 3083 temporum,
1014 2995 1150 3072 numeri,
1183 2994 1308 3093 figurae,
1338 2993 1519 3061 musicalia.

468 3101 619 3183 Quatuor
673 3099 780 3186 prima
825 3099 994 3185 pertinent
1040 3095 1083 3162 ad
1130 3097 1387 3178 astronomiam
1440 3119 1519 3163 nam

463 3203 534 3271 haec
556 3204 627 3269 sola
649 3202 691 3267 de
714 3202 781 3268 illis
803 3201 969 3266 certificat.
1017 3199 1063 3265 Et
1096 3199 1233 3266 ostendo
1265 3199 1378 3264 multis
1411 3199 1518 3265 modis

464 3305 553 3392 quod
592 3304 737 3391 cognitio
775 3303 957 3369 coelestium
996 3307 1047 3368 est
1084 3302 1218 3368 omnino
1255 3302 1445 3379 necessaria,
1484 3307 1521 3368 et

464 3412 598 3495 propter
636 3412 769 3472 textum
808 3413 842 3472 et
880 3409 1014 3492 propter
1052 3405 1240 3472 sententiaa
1286 3404 1375 3469 Nam
1413 3405 1520 3471 multa

464 3511 637 3598 disputant
659 3509 806 3596 theologi
828 3509 869 3574 de
892 3509 965 3589 his;
998 3514 1032 3574 et
1053 3508 1161 3575 multa
1183 3508 1219 3572 in
1241 3513 1340 3574 textu
1363 3513 1398 3573 et
1420 3530 1521 3596 expo·

464 3614 584 3679 sitione
623 3612 695 3700 ejus
732 3611 769 3677 in
814 3611 908 3676 libris
946 3616 1133 3677 sanctorum
1178 3610 1406 3692 inveniuntur,
1445 3632 1519 3696 quae

463 3717 589 3783 habent
611 3738 747 3803 magnas
770 3713 986 3781 difficultates.
1019 3713 1107 3779 Nam
1128 3713 1275 3800 theologi
1297 3713 1470 3800 disputant
1484 3713 1519 3778 in

464 3819 638 3886 sententiis
676 3819 716 3883 de
743 3817 963 3884 continuitate
987 3820 1021 3882 et
1048 3816 1088 3881 de
1111 3815 1329 3882 multitudine
1352 3815 1519 3895 coelorum,

464 3923 504 3988 de
527 3924 635 4009 figura
658 3943 779 3998 eorum,
804 3925 838 3986 et
876 3920 917 3986 de
947 3919 1074 3986 circulis
1107 3919 1293 3985 ecoentricis
1326 3922 1362 3985 et
1393 3917 1520 4005 epicyc·

463 4024 546 4104 licis,
586 4029 621 4090 et
656 4025 750 4106 aliis3
800 4023 841 4089 de
879 4023 1024 4090 motibus
1062 4022 1229 4102 coelorum,
1268 4020 1309 4086 de
1346 4019 1522 4087 influentia

463 4127 621 4193 coelorum
645 4127 681 4191 in
703 4127 774 4192 haec
806 4125 968 4204 inferiora,
994 4125 1034 4191 de
1068 4124 1146 4203 sato,
1179 4130 1213 4190 et
1244 4123 1432 4211 hujusmodi
1463 4142 1522 4210 per

462 4229 609 4295 coelestia
630 4233 779 4314 respectu
801 4227 951 4310 hominis,
976 4227 1066 4294 etde
1089 4226 1203 4294 multis
1225 4227 1298 4294 aliis
1324 4249 1362 4293 ac
1384 4226 1520 4313 magnis.

459 4381 561 4388 -..-..
592 4382 692 4389 ..„...—
705 4381 809 4389 ..νᾳ-η
834 4380 874 4388 ς..
894 4379 1339 4389 —..-—-·—.—...·--.-——-—-.———·

496 4455 612 4521 ¹tormen]
626 4472 682 4520 quoe
691 4463 781 4515 tamen,
798 4457 829 4506 B.
1041 4459 1237 4524 *cunctipater
1253 4454 1380 4523 legendas]
1398 4455 1516 4520 legendas

497 4540 507 4569 ²
526 4535 695 4601 Cassiodorus]
714 4537 754 4586 De
762 4536 822 4586 Art.
834 4551 888 4600 cap.
900 4534 933 4585 iii
1008 4537 1088 4588 sancti
1098 4545 1187 4601 patres.
1217 4528 1248 4587 Τ.

495 4619 505 4649 ³
521 4613 751 4681 contemplationem]
770 4615 868 4666 writtm
885 4616 964 4667 above
1042 4615 1147 4682 'corde]
1162 4631 1211 4666 om.
1226 4612 1257 4667 Τ.

462 4695 685 4755 considerationem
702 4693 737 4745 in.
751 4694 781 4744 Τ.
