3294 5744
239 735 323 826 ms]
629 756 715 808 orus
737 760 895 810 rsnrrun
1222 747 1283 813 231

235 946 320 1000 rans,
342 925 407 989 sibi
429 926 601 992 vindicans
624 929 786 994 rationes¹
813 953 926 1016 prosae,
950 931 1048 995 metri
1070 933 1106 995 et
1127 930 1286 1014 rhythmi

236 1023 324 1088 Nam
358 1031 507 1093 auctores
538 1030 671 1095 musicae
704 1033 825 1097 docent
856 1032 945 1117 quod
978 1037 1056 1097 sunt
1089 1032 1141 1097 hae
1176 1036 1287 1117 partes

234 1127 377 1209 musicae,
392 1151 466 1215 quae
490 1132 588 1197 diotae
612 1138 712 1213 sunt;
736 1134 892 1218 quoniam
908 1134 1154 1199 conformantur
1174 1133 1287 1198 cantui

234 1232 269 1294 et
306 1230 534 1298 instrumentis
573 1234 838 1321 proportionibus
877 1235 1127 1315 consimilibus,2
1165 1236 1201 1298 in
1232 1235 1287 1298 de·

233 1330 443 1416 lactationem
465 1336 608 1401 auditus.
653 1336 817 1416 Quoniam
841 1337 1053 1404 Cassiodorus
1086 1336 1148 1402 hoo
1181 1337 1287 1401 dioit³

237 1437 272 1498 et
309 1435 428 1519 probat
469 1457 528 1522 per
569 1437 652 1503 alios
690 1444 848 1519 auctores,
897 1440 1022 1505 seilicet
1055 1461 1113 1524 per
1155 1437 1287 1525 Augus-

235 1535 354 1616 tinum,
385 1543 420 1603 et
456 1537 534 1625 per⁴
566 1539 789 1619 Censorinum,
829 1545 864 1606 et
901 1563 960 1628 per
992 1541 1217 1606 Gaudentium
1251 1545 1286 1605 et

235 1637 404 1705 Albinum
462 1641 507 1706 Et
531 1641 724 1720 Martianus
752 1643 788 1707 in
811 1642 863 1708 De
887 1642 1024 1729 Septem
1047 1640 1188 1708 Artibus
1210 1643 1286 1720 suis,

235 1741 349 1806 eodem
387 1742 485 1807 modo
516 1745 691 1823 consentit,
731 1750 766 1810 et
805 1767 918 1810 omnes
955 1749 1104 1810 auctores
1142 1749 1177 1809 et
1211 1745 1285 1809 doo-

235 1847 323 1908 tores
354 1845 495 1929 antiqui.
556 1846 603 1910 Et
636 1869 704 1911 non
737 1847 842 1912 solum
874 1847 933 1911 isti
964 1847 1085 1922 Latini,
1109 1845 1167 1909 sed
1197 1847 1285 1932 prin·

233 1944 352 2030 oipudes
389 1951 547 2025 auctores,
586 1947 710 2013 seilicet
741 1947 940 2014 Ptolomaeus
977 1954 1012 2012 et
1052 1948 1213 2027 Euclides,
1252 1953 1287 2013 et

235 2047 335 2111 etiam
363 2047 586 2134 Alpharabius
620 2049 705 2114 libro
730 2049 780 2114 De
804 2046 983 2129 Scientiis,⁵
1004 2049 1040 2112 in
1066 2049 1127 2114 hoo
1157 2070 1286 2114 eoncor-

233 2148 322 2214 dant.
370 2149 508 2216 Boetius
530 2156 644 2217 tamen
675 2157 781 2217 morte
804 2157 994 2239 praeventus
1026 2157 1078 2216 est
1108 2155 1286 2236 antequam

235 2251 396 2316 Musioam
426 2274 519 2317 suam
550 2253 671 2334 finit;⁶
700 2259 735 2319 et
767 2253 842 2319 ideo
867 2255 908 2319 de
930 2275 997 2318 una
1030 2257 1125 2339 parte
1152 2258 1285 2318 tantum

234 2353 354 2429 docuit,
378 2359 414 2418 et
445 2376 512 2418 non
547 2355 587 2418 de
619 2355 778 2420 omnibus.
825 2356 970 2421 Musicus
1000 2355 1113 2441 igitur,
1137 2378 1211 2420 oum
1241 2357 1287 2420 sit

235 2453 482 2521 demonstratur
504 2478 543 2521 eo
570 2458 658 2542 quod
681 2459 725 2523 sit
747 2457 1010 2535 mathematicus,
1035 2458 1092 2542 qui
1117 2459 1285 2523 universa-

234 2556 311 2621 liter
332 2558 441 2622 utitur
462 2558 808 2638 demonstrationibus,
825 2559 885 2624 dat
899 2581 1020 2638 musas,
1036 2563 1071 2624 et
1085 2559 1231 2624 rationes
1245 2560 1286 2624 de

235 2658 286 2722 his
308 2661 463 2745 assignat,
487 2661 565 2745 quia
587 2661 824 2726 demonstratio
847 2661 929 2727 faeit
953 2662 1034 2726 seire
1061 2683 1119 2747 per
1146 2683 1285 2727 oaumm,

235 2761 323 2847 Ergo
354 2762 595 2847 grammaticus,
619 2764 676 2847 qui
708 2785 765 2849 per
798 2763 889 2828 viam
911 2762 1112 2827 narrationis
1145 2762 1284 2842 laborat,

234 2863 286 2928 cui
309 2862 547 2929 demonstratio
569 2887 636 2929 non
659 2865 811 2950 pertinet,
835 2887 902 2929 non
934 2864 1028 2929 dabit
1059 2885 1171 2928 causas
1204 2865 1285 2930 isto-

234 2987 317 3044 rum,
356 2965 413 3029 sed
445 2966 550 3031 solum
582 2967 661 3052 quia
691 2967 737 3031 sic
770 2970 858 3046 sunt,
902 2969 937 3030 et
971 2965 1017 3030 sio
1049 2964 1174 3029 habent
1205 2966 1284 3030 fieri.

235 3066 324 3152 Ergo
357 3069 590 3153 grammaticus
623 3067 784 3133 sehabet
817 3068 860 3133 ud
893 3067 1061 3144 musicum,
1097 3068 1182 3131 siout
1216 3089 1284 3131 oar-

233 3173 389 3255 pentator
411 3170 454 3234 ad
477 3169 735 3257 geometricum.⁷
795 3168 842 3233 Et
873 3169 950 3234 ideo'
973 3167 1208 3256 grammaticus
1234 3173 1283 3234 est

233 3271 439 3337 mechanicus
461 3272 498 3336 in
520 3273 581 3337 hao
611 3276 715 3359 parte,
747 3277 783 3337 et
814 3271 956 3336 musicus
979 3275 1030 3335 est
1051 3271 1172 3336 artifex
1196 3270 1285 3356 prin-

233 3374 353 3459 cipalis
408 3373 615 3460 Quapropter
653 3373 815 3458 sufficiens
845 3379 880 3439 et
914 3373 1105 3460 principalis
1131 3373 1283 3459 oognitio‚

233 3475 355 3540 soilioet
385 3498 459 3561 quas
488 3482 539 3541 est
568 3499 627 3562 per
657 3498 771 3541 oausas
801 3481 836 3540 et
865 3475 1019 3554 rationes,
1044 3497 1113 3540 non
1142 3475 1286 3540 habetur

233 3599 290 3664 per
304 3578 560 3663 grammaticam,
576 3579 634 3644 sed
656 3600 714 3665 per
735 3578 821 3643 hano
843 3577 1034 3657 seientiam3
1057 3581 1092 3642 et
1106 3577 1167 3642 hoo
1181 3578 1286 3641 mani·

232 3679 353 3744 festum
375 3683 426 3744 est
448 3677 511 3744 ex⁸
531 3680 625 3745 libris
647 3680 859 3765 antiquorum
882 3679 982 3765 hujus
996 3679 1149 3744 scientiae.
1196 3678 1284 3743 Nam

232 3781 431 3846 musicaliter
452 3786 600 3847 tractant
621 3782 687 3847 ista
717 3803 776 3867 per
807 3803 978 3847 causarum
1008 3780 1285 3866 assignationem,

233 3882 317 3949 siout
339 3883 439 3949 etiam
463 3884 635 3949 confirmat
657 3883 880 3970 Alpharabius
902 3879 960 3948 in⁰
985 3882 1070 3947 libro
1092 3886 1282 3948 memorato.

267 4220 273 4253 ¹
286 4220 335 4271 su
346 4220 474 4272 υἰκᾰίεαηε
484 4221 602 4290 rationes]
627 4221 736 4274 rationes
816 4223 825 4252 ⁵
837 4220 879 4272 De
892 4218 1021 4289 Scironis]
1040 4219 1142 4286 ospiti.

233 4300 281 4350 sibi
292 4301 429 4362 vindicans,
441 4301 472 4351 Τ.
816 4315 825 4341 ο
830 4313 904 4379 finit]
923 4328 973 4364 om.
984 4312 1016 4363 Β,

269 4380 280 4409 ²
283 4379 478 4445 proportionum
487 4377 662 4446 ammittis]
676 4395 736 4431 oon·
817 4405 1011 4471 ‚9m„m]
1030 4411 1190 4470 mmmm,
1201 4402 1232 4454 B.

232 4457 356 4509 similibus
368 4458 576 4524 proportionibus,
585 4459 616 4510 Τ.
818 4510 828 4537 ⁸

268 4537 278 4566 ι
287 4536 359 4602 dicu]
379 4539 459 4599 docet,
472 4537 503 4588 T.
839 4508 882 4573 et]
902 4524 950 4560 om.
962 4510 993 4560 Τ.

266 4616 275 4646 ⁴
287 4624 310 4666 et
316 4615 377 4681 per]
396 4631 445 4669 om.
457 4616 488 4666 T.
818 4612 879 4678 Τίνι]
899 4628 948 4665 ona
959 4613 992 4664 Β.
1107 4618 1110 4622 ’
