3586 5640
306 766 394 857 raa]
695 779 783 830 orus
805 777 971 829 reanum
1293 761 1357 827 205

304 953 375 1039 ejus
397 955 590 1040 expectetur
612 951 766 1018 Salvator
788 951 927 1032 mundi;
950 972 1010 1016 nee
1032 955 1116 1037 post,
1140 947 1226 1014 siout
1247 947 1360 1015 Judaei

304 1056 411 1122 adhuc
452 1055 598 1121 inaniter
633 1060 667 1121 et
701 1076 834 1120 erronee
877 1059 1064 1140 expectant.
1128 1053 1173 1117 Et
1205 1051 1358 1116 Saraceni

304 1161 443 1225 credunt
488 1158 576 1245 quod
615 1164 744 1245 tempus
778 1158 896 1224 salutis
934 1156 1057 1242 incepit
1094 1154 1227 1241 quando
1265 1154 1360 1220 venit

306 1260 540 1329 Machouretus.
586 1262 816 1327 Necessarium
840 1260 944 1348 igitur
967 1265 1017 1325 est
1039 1259 1135 1324 nobis
1151 1257 1358 1334 Christianis,

305 1372 340 1431 et
361 1366 505 1431 maxime
527 1365 698 1452 theologie,
723 1370 762 1430 ut
785 1386 843 1450 pro
873 1368 988 1428 nostra
1021 1362 1181 1441 utilitate,
1204 1366 1238 1425 et
1261 1359 1358 1425 intel·

305 1469 393 1533 lectu
424 1467 613 1554 Scripturas,
645 1471 680 1532 et
714 1473 829 1532 contra
866 1466 889 1530 J
893 1466 1012 1545 udaeos,
1038 1471 1073 1530 et
1096 1462 1285 1541 Saracenos,
1325 1467 1360 1527 et

306 1591 419 1634 omues
452 1575 556 1635 sectas
590 1591 769 1655 perversas,
793 1569 934 1633 sciamus
967 1567 1147 1633 certificare
1185 1565 1359 1631 historiam

306 1671 390 1737 hane
412 1694 433 1736 a
455 1673 616 1759 principio
639 1693 742 1757 usque
764 1672 806 1737 ad
838 1671 1016 1737 Christum.
1079 1670 1124 1735 Et
1146 1669 1221 1733 ideo
1243 1674 1360 1755 reputo

306 1795 433 1839 summe
456 1775 642 1840 notandum
673 1774 773 1839 istud
831 1773 898 1839 Sed
920 1772 1045 1840 Textus
1069 1773 1168 1838 Sacer
1190 1794 1257 1837 non
1284 1793 1359 1837 oon·

308 1877 421 1942 tinuat
453 1877 540 1942 hane
573 1875 756 1956 historiam,
791 1882 830 1942 ut
873 1881 966 1966 patet
998 1898 1056 1962 per
1085 1880 1194 1941 totum
1229 1879 1361 1959 tempus

309 1979 545 2045 aMachabaeis
566 2000 670 2065 usque
693 1979 736 2043 ad
759 1978 986 2044 Nativitatem
1010 1978 1168 2058 Domini;
1193 1999 1253 2042 nec
1268 1978 1361 2043 chro-

309 2083 478 2162 nicaenae
500 2082 648 2148 historiae
668 2087 856 2147 sanctorum
872 2085 907 2146 et
928 2081 1067 2147 aliorum
1083 2080 1360 2166 historiographo-

310 2206 383 2249 rum
415 2185 600 2251 certificant
630 2185 703 2250 hic:
737 2206 816 2249 nam
839 2189 976 2270 apparet
1010 2183 1115 2248 ineis
1145 2185 1361 2249 contrarietas

308 2287 451 2368 infinita,
475 2292 511 2353 et
539 2287 774 2353 translationes
812 2292 925 2352 textus
955 2286 1145 2353 discordant
1175 2288 1359 2352 crudeliter.

356 2389 564 2476 Quapropter
587 2389 679 2454 istud
712 2389 924 2476 magnificum
951 2389 1228 2455 fundamentum¹
1253 2391 1362 2477 Scrip-

309 2498 395 2558 tuue
418 2497 452 2558 et
483 2492 692 2579 professionis
722 2492 799 2557 fidei
831 2492 1030 2559 Christianae
1062 2514 1129 2558 non
1152 2497 1263 2579 potest
1286 2493 1361 2559 seiri

310 2617 412 2680 usque
449 2596 492 2660 ad
525 2596 594 2660 hmo
624 2601 773 2681 tempora
806 2617 863 2682 per
895 2596 953 2660 has
986 2597 1064 2661 vias.
1127 2596 1255 2661 Deinde
1293 2618 1361 2660 non

312 2698 417 2763 solum
439 2697 501 2762 hoc
531 2703 662 2784 tempus
699 2699 872 2785 ignoratur
909 2704 1072 2785 quantum
1109 2700 1152 2764 ad
1189 2721 1359 2777 smnmam,

311 2800 368 2865 sed
391 2805 539 2887 tempora
563 2800 768 2887 singularum
790 2805 929 2867 aetatum
953 2807 988 2866 ct
1010 2803 1203 2866 saeculorum
1238 2802 1362 2866 habent

312 2903 477 2969 infinitam
515 2903 767 2969 dubitationem.
830 2902 927 2983 Quod
970 2924 1049 2967 vcro
1087 2923 1175 2967 nunc
1212 2903 1284 2967 dixi
1321 2905 1362 2969 do

312 3026 438 3070 summa
476 3007 634 3092 temporis
671 3011 706 3072 ct
744 3004 898 3091 partium,
944 3005 1056 3090 aliqua
1093 3004 1244 3090 exempla
1289 3027 1362 3091 pro·

312 3129 442 3193 ponam.

357 3210 544 3276 Secundum
568 3211 656 3297 quod
688 3211 852 3297 reperitur
874 3211 909 3274 in
933 3210 1091 3275 chronicis
1114 3211 1257 3293 Eusehii,
1282 3235 1362 3299 quas
1374 3230 1523 3282 ardenter
1565 3211 1569 3217 ’

314 3312 538 3399 Hieronymus
576 3314 757 3389 transtulit,
796 3318 830 3378 ct
860 3314 979 3399 quibus
1009 3315 1152 3384 maxime
1183 3317 1290 3383 utitur
1312 3341 1361 3384 eo·
1374 3298 1529 3431 iiiiiiology

313 3415 419 3493 alesia,
444 3416 486 3480 ab
509 3416 619 3480 Adam
642 3416 814 3501 usquead
841 3416 1065 3483 Nativitatem
1097 3419 1230 3498 Christi,
1255 3421 1361 3507 primo
1374 3431 1497 3498 ossenp-

312 3539 398 3582 anno
423 3517 549 3583 Christi
572 3518 708 3598 incluse,
732 3519 819 3584 fiunt
845 3519 924 3583 anni
949 3523 1045 3597 5198,
1068 3521 1193 3588 scilicet
1216 3507 1437 3609 qumquem·

313 3620 418 3684 millia
448 3625 580 3686 centum
609 3621 794 3708 nonaginta
825 3627 905 3688 octo.
968 3621 1043 3687 Hoc
1074 3631 1186 3689 autem
1219 3626 1364 3691 declarat

313 3721 400 3787 sicz²
439 3722 494 3787 Ab
529 3723 660 3787 Adamo
698 3745 800 3808 usque
839 3725 882 3788 ad
913 3725 1087 3789 Diluvium
1118 3728 1199 3790 anni
1229 3727 1364 3792 fuerunt

313 3826 424 3902 2242;
462 3823 645 3890 aDiluvio
669 3847 773 3910 usque
806 3826 849 3889 ad
872 3825 1051 3903 Abraham,
1094 3829 1158 3892 942
1197 3829 1297 3908 anni;
1320 3831 1363 3894 ab

312 3926 481 3991 Abraham
498 3949 600 4013 usque
615 3927 658 3991 ad
674 3927 898 3992 Nativitatem
915 3927 1047 4006 Christi,
1065 3930 1146 3993 anni
1163 3934 1257 3996 2014.
1297 3932 1363 3999 Sed

313 4050 389 4094 cum
411 4035 569 4115 sequatur
600 4029 779 4095 editionem
812 4028 1034 4116 Septuaginta
1066 4031 1302 4119 Interpretum,
1324 4041 1363 4102 ut

312 4133 448 4218 planum
471 4137 529 4211 est,
554 4137 647 4218 patet
668 4154 727 4218 per
757 4131 1024 4219 aggregationem
1054 4155 1216 4201 annorum
1251 4139 1363 4226 singu·

311 4234 417 4298 larum
444 4235 703 4320 generationum,
734 4234 928 4321 praedictum
959 4235 1138 4303 Eusebium
1161 4241 1197 4304 in
1220 4242 1363 4307 secunda

312 4341 412 4402 aetate
428 4337 463 4401 in
478 4342 610 4402 centurn
633 4337 774 4424 triginta
796 4338 890 4404 annis
913 4361 982 4405 esse
1004 4339 1214 4410 diminutum.
1265 4345 1362 4427 Quod

385 4516 462 4522 ———
467 4517 504 4522 —-
931 4520 1182 4530 ’.Ἣ-ή-

345 4608 514 4674 'magnificum
530 4608 730 4678 fundamentum]
754 4613 811 4664 lua·
895 4615 1025 4670 ’delerat
1034 4619 1083 4686 sic]
1103 4620 1179 4673 Praei.
1193 4622 1321 4677 Auctoris.

310 4688 454 4739 &mentam
465 4690 634 4756 magniacum,
651 4692 682 4748 Τ.
