3586 5640
314 777 385 868 xa]
702 797 790 851 orne
810 799 974 853 mmm
1297 784 1362 856 1³⁹

312 973 1365 1063 rectoe,utpelet;eedquedragintungolirectinonmt

313 1071 398 1138 circa
418 1078 576 1158 punctum
598 1097 709 1142 unum.
750 1074 816 1143 Sed
830 1078 930 1143 aliam
945 1077 1162 1162 objectionem
1176 1101 1238 1166 ego
1260 1079 1365 1145 iniero

312 1173 366 1239 hic
387 1175 647 1257 validissimam
678 1184 712 1244 et
735 1179 869 1244 videtur
899 1180 988 1265 qnod
1018 1202 1138 1246 novem
1168 1182 1365 1248 octooedron

312 1275 471 1363 impleant
492 1278 621 1360 locum;
644 1286 679 1346 et
700 1287 751 1346 eet
773 1281 968 1347 octoeedron
997 1283 1104 1369 ligure
1132 1290 1207 1348 octo
1235 1283 1365 1349 barium

311 1379 574 1466 triangularium,
619 1404 694 1469 quar
725 1389 778 1450 eet
805 1406 873 1449 una
895 1384 937 1450 de
966 1385 1111 1471 quinqua
1144 1385 1366 1472 corporalibus

312 1481 426 1567 ligaris
448 1483 592 1564 famosis,
616 1507 716 1570 quam
739 1487 880 1573 figuram
902 1486 1086 1573 philosophi
1109 1487 1272 1553 dederunt
1285 1487 1364 1552 aeti.

312 1582 401 1648 Nam
423 1586 536 1671 anguli
563 1609 682 1653 norem
706 1589 747 1654 de
770 1589 900 1676 angulis
921 1591 1114 1655 octoeedron
1137 1613 1255 1655 novem
1287 1590 1365 1655 laci-

311 1693 374 1751 unt
395 1687 516 1774 viginti
539 1701 681 1774 quatuor
702 1697 807 1757 rectos
821 1692 978 1779 angelon
1001 1693 1080 1777 quia
1094 1694 1235 1779 angulus
1251 1691 1364 1757 unine¹

311 1789 387 1854 talis
409 1797 538 1857 constat
560 1814 603 1857 ex
625 1793 754 1859 duobus
776 1796 875 1860 rectis
896 1796 1161 1881 surrerlicialibue
1178 1804 1213 1860 et
1236 1795 1365 1860 duobus

308 1893 417 1959 tertiia
440 1895 538 1960 uniue
560 1897 649 1962 reati
697 1897 734 1962 si
758 1897 863 1984 igitur
894 1919 1013 1962 novem
1041 1897 1124 1962 talea
1158 1899 1365 1983 accipiantur

310 2000 409 2060 amnt
432 1997 632 2079 octodecim
654 2003 690 2064 et
711 1999 740 2064 ei
763 2000 877 2065 novies
899 1999 975 2064 dure
1003 1999 1112 2064 tertiae
1143 1999 1254 2063 minue
1278 1998 1364 2064 acci-

308 2096 445 2183 piantur
467 2100 553 2166 liunt
586 2122 646 2166 sex
675 2101 788 2188 anguli
820 2101 920 2177 recti3
952 2102 1032 2186 quia
1061 2107 1114 2165 ter
1143 2101 1218 2166 duae
1255 2101 1364 2167 tertiae

308 2198 435 2266 faciunt
457 2202 539 2270 duoe
561 2208 675 2269 rector.
724 2203 937 2269 Manifestum
962 2209 1013 2268 oet
1035 2203 1138 2289 igitur
1167 2208 1202 2268 et
1231 2202 1365 2268 videtur

309 2302 398 2388 quod
421 2326 539 2370 novem
561 2305 676 2393 anguli
698 2306 781 2372 talen
803 2307 930 2372 faciunt
951 2305 1074 2392 viginti
1090 2311 1233 2392 quatuor
1248 2315 1362 2373 rectos.

309 2405 355 2472 Et
377 2411 490 2473 tamen
512 2407 707 2474 Aristotelea
729 2414 765 2474 et
780 2409 943 2474 Averroea
966 2407 1124 2473 videntur
1147 2409 1252 2474 dicere
1276 2407 1364 2494 quod

306 2512 441 2576 tantum
472 2509 575 2576 oubue
606 2517 642 2576 et
672 2512 821 2598 pyramis
852 2511 980 2597 replent
1017 2511 1131 2577 locum.
1192 2511 1230 2577 Si
1260 2511 1364 2598 igitur

307 2609 464 2698 dignam
485 2619 596 2678 vestra
616 2613 722 2700 gloria
744 2613 947 2679 oonsiderare
970 2635 1044 2700 qum
1068 2635 1155 2678 nunc
1184 2614 1300 2691 scribo,
1324 2619 1360 2678 et

306 2712 343 2779 in
367 2713 478 2780 Primo
503 2715 619 2802 Opere,
640 2715 792 2802 poteritis
816 2714 960 2780 conferre
985 2738 1059 2780 cum
1084 2715 1173 2779 omni
1197 2720 1364 2800 geometra

307 2821 341 2882 et
370 2816 526 2898 naturali,
553 2823 588 2883 et
614 2817 778 2883 nerninem
806 2817 984 2883 invenietis
1014 2816 1070 2901 qni
1094 2817 1188 2880 vobis
1218 2816 1357 2880 resistet

306 2918 505 2986 Adoleeoene
534 2919 668 3006 quidem
703 2919 798 2984 vobis
827 2918 863 2982 in
894 2918 945 2981 his
975 2915 1128 2981 omnibus
1158 2915 1280 3000 poterit
1309 2938 1358 2980 re·

305 3021 474 3107 spondere,
512 3021 591 3108 quia
620 3021 715 3086 docui
746 3041 822 3086 eum
853 3018 973 3097 omnia,
1000 3022 1179 3103 quaesunt
1212 3016 1253 3080 de
1287 3016 1360 3081 istis

304 3121 556 3210 figurationibus
593 3143 770 3210 corporum.
816 3120 883 3185 Sed
916 3118 983 3185 sere
1017 3116 1138 3205 viginti
1173 3116 1253 3181 anni
1282 3123 1519 3184 suntBaconhur

306 3223 394 3310 quod
416 3223 469 3312 egi
491 3223 599 3289 intra2
623 3223 785 3311 principia
800 3219 923 3287 multa³
945 3219 1176 3307 magistrorum
1199 3240 1360 3284 novorum
1372 3197 1493 3316 {md}

309 3325 350 3392 de
380 3325 441 3393 hac
463 3326 623 3406 materia;
654 3326 710 3391 sed
741 3325 852 3390 nullus
881 3345 1027 3410 unquam
1058 3323 1214 3388 inventus
1244 3328 1294 3388 eat
1324 3323 1527 3386 indelecruree

308 3433 381 3495 tota
412 3430 630 3495 universitate
662 3427 719 3514 qui
754 3427 913 3492 terminos
946 3426 1033 3512 ipsos
1063 3424 1262 3513 intelligeret
1274 3451 1282 3504 ;
1325 3399 1527 3518 aaziae&

309 3529 383 3596 ideo
414 3531 537 3618 pluries
568 3530 630 3596 leoi
662 3530 836 3594 lectionem
866 3527 1015 3615 magistri
1046 3527 1125 3591 novi
1155 3527 1195 3593 dc
1218 3527 1359 3592 veritate
1371 3531 1491 3584 desub-

306 3653 406 3718 quam
428 3632 624 3699 Aristotelea
647 3637 682 3696 et
704 3632 867 3696 Averroea
891 3635 1035 3706 narrant,
1060 3650 1132 3692 cum
1157 3599 1426 3714 expositionejeet

306 3733 550 3816 vocabulorum,
575 3739 610 3798 et
632 3743 742 3798 tamen
769 3733 880 3797 nullus
910 3730 1020 3817 potuit
1043 3728 1278 3815 disputationi⁴
1308 3752 1358 3796 re·

307 3836 472 3923 spondere.

352 3937 429 4003 Non
458 3941 569 4024 potent
591 3935 725 4023 quidem
756 3934 853 4022 plena
882 3931 1046 3999 certitudo
1076 3927 1207 3996 haberi⁵
1237 3931 1277 3997 de
1308 3932 1359 3998 his

305 4037 371 4105 nisi
395 4041 480 4107 fiant
503 4059 648 4127 corpora,
663 4045 698 4105 et
720 4040 904 4127 figurentur
919 4035 1097 4101 secundum
1121 4035 1208 4120 quod
1224 4036 1359 4115 docetur

860 4289 894 4296 ..-
903 4289 916 4295 ..
926 4287 1030 4295 ψ»
1044 4286 1344 4300 -ῡ-η-..η-..ι--ὴ-

337 4467 441 4534 wrm]
460 4482 532 4528 unus,
549 4464 611 4520 nr.
833 4427 834 4431 ¹
887 4465 896 4495 ⁴
903 4464 984 4557 neec
1001 4463 1172 4532 ropuraemq
1191 4465 1352 4531 disputationi

334 4594 435 4664 um]
454 4614 502 4650 ⁰¹²¹·
519 4598 581 4650 Μ
853 4544 997 4690 Ροξῒὶἓιῗ·
1000 4623 1117 4675 certitudo
1138 4622 1235 4692 deberi]
1264 4623 1351 4676 haberi

335 4703 346 4734 ⁸
357 4702 443 4768 nuzo]
462 4719 510 4756 ome
522 4704 553 4756 Tr
853 4704 927 4768 plena
937 4703 1065 4765 certitudo,
1082 4703 1113 4755 Τι
