3586 5640
423 713 517 807 '252
841 757 969 808 socam
992 757 1138 809 sisoius
1408 742 1508 831 [cae

284 940 394 1008 Thepe-
496 932 653 998 Periodus
676 953 754 998 vero
776 933 862 998 male
890 933 932 998 fit
961 935 1076 1000 multis
1098 933 1225 1014 modis3
1248 933 1307 999 sed
1329 933 1508 1019 aliquando

283 1007 346 1060 ried.

449 1038 501 1101 est
531 1035 637 1101 oratio
668 1034 775 1122 plana,
810 1036 986 1121 aliquando
1018 1042 1069 1102 est
1100 1037 1347 1124 interrogativa.
1409 1035 1506 1102 Nun·

449 1159 548 1222 quam
578 1158 656 1202 vero
690 1137 789 1202 debet
818 1136 890 1203 fieri
919 1139 1071 1225 periodus
1101 1138 1189 1204 inter
1218 1138 1358 1204 verbum
1387 1141 1507 1205 transi·

449 1239 558 1303 tivum
589 1244 624 1304 et
661 1238 743 1303 illud
775 1240 863 1325 quod
896 1239 1055 1305 terminat
1089 1240 1159 1325 ejus
1192 1241 1399 1320 transitum3
1428 1263 1507 1306 nam

449 1341 533 1405 illud
566 1340 656 1426 quod
692 1340 763 1426 ejus
799 1341 979 1406 transitum
1017 1343 1175 1407 terminat
1212 1347 1263 1408 est
1300 1343 1506 1409 aecusativus

449 1463 550 1519 casus,
583 1441 652 1507 sive
682 1443 727 1508 sit
753 1442 855 1508 dictio
886 1443 1035 1530 simplex,
1071 1443 1140 1508 sive
1170 1441 1235 1509 sit¹
1267 1444 1372 1509 oratio
1402 1449 1506 1510 mate·

448 1544 573 1609 rialiter
594 1543 775 1610 ·retcnta.⁹
830 1543 970 1624 Quando
1008 1566 1086 1610 vero
1125 1549 1177 1611 est
1215 1544 1316 1611 dictio
1353 1545 1504 1633 simplex,
1638 1635 1641 1640 p

448 1645 558 1710 nullus
592 1650 642 1711 est
672 1646 723 1712 ita
753 1647 888 1711 insanus
919 1646 1008 1732 quod
1036 1651 1166 1733 separet
1195 1668 1307 1712 casum
1336 1669 1358 1712 a
1395 1648 1505 1728 verbo,

448 1751 489 1813 ut
518 1747 555 1812 in
576 1749 677 1813 verbo
707 1748 768 1814 fiat
790 1769 923 1829 versus3
945 1748 1003 1814 sed
1035 1752 1108 1813 tota
1129 1746 1207 1814 dic⁸
1229 1753 1264 1815 et
1293 1747 1361 1814 fere
1383 1750 1506 1836 ubique

448 1849 485 1914 in
500 1848 693 1936 Scriptura⁴
715 1850 755 1915 fit
776 1871 890 1916 versus
912 1851 955 1916 ad
969 1848 1108 1915 verbum
1130 1850 1354 1931 transitivum,
1370 1851 1400 1916 si
1422 1851 1506 1917 illud

448 1951 536 2036 quod
567 1952 716 2037 sequitur
741 1952 786 2017 sit
818 1951 931 2018 oratio.
978 1950 1044 2018 sed
1070 1952 1132 2018 hoc
1153 1955 1203 2017 est
1235 1952 1370 2017 omnino
1392 1951 1505 2018 incon-

448 2053 593 2118 veniens
638 2053 728 2118 Nam
758 2053 787 2118 si
810 2053 930 2135 dicam,
953 2053 1095 2118 “Audio
1119 2053 1253 2140 angelos
1283 2051 1428 2132 canere,”
1450 2054 1505 2121 vel

450 2164 469 2191 “
491 2155 579 2240 quod
601 2155 709 2242 angeli
732 2155 885 2232 canunt,’'
907 2156 962 2221 vel
995 2156 1101 2241 “quia
1122 2155 1231 2242 angeli
1254 2155 1407 2235 canunt,”
1437 2177 1505 2223 non

449 2261 558 2343 potest
573 2278 650 2322 vere
664 2256 737 2322 fieri
754 2261 896 2343 punctus
919 2261 954 2322 et
976 2278 1090 2322 versus
1112 2256 1156 2321 sd
1182 2256 1330 2335 verbum,
1347 2261 1387 2323 ut
1401 2263 1505 2346 patet,

448 2357 526 2423 lieet
549 2357 639 2443 quod
661 2357 811 2443 sequitur
827 2358 872 2423 sit
886 2358 1000 2424 oratio.
1046 2357 1092 2424 Et
1115 2358 1190 2423 ideo
1213 2381 1288 2424 cum
1302 2357 1426 2425 dicitur
1447 2383 1506 2448 per

448 2464 555 2525 totam
571 2459 784 2545 scripturam,
803 2465 821 2494 “
833 2463 868 2524 et
882 2458 1001 2537 dixit,''
1015 2460 1070 2526 vel
1090 2458 1194 2536 “ait”
1208 2461 1262 2526 vel
1278 2459 1507 2548 “respondit''

447 2564 483 2626 et
514 2556 581 2625 sic⁶
612 2559 653 2625 de
682 2559 757 2625 aliis
788 2560 981 2638 transitivis,
1013 2565 1145 2649 oportet
1167 2561 1257 2648 quod
1290 2561 1383 2642 illud,
1417 2563 1506 2648 quod

448 2662 606 2729 terminat
633 2663 812 2728 transitum
835 2662 938 2738 verbi,
963 2667 1173 2729 construatur
1204 2660 1261 2730 et⁶
1293 2663 1506 2730 continuetur

448 2786 523 2830 cum
537 2765 598 2830 tali
612 2765 721 2830 verbo.
754 2764 806 2831 Ut
821 2765 857 2829 in
872 2764 897 2830 J
897 2765 1024 2831 ohanne
1034 2764 1061 2830 :⁷
1087 2765 1212 2831 “Dixit
1226 2765 1250 2832 J
1251 2787 1325 2832 esus
1339 2765 1507 2853 discipulis

450 2876 468 2902 “
490 2867 568 2949 suis,
586 2867 658 2955 Ego
680 2889 754 2933 sum
776 2867 872 2956 panis
886 2867 993 2946 vivus,
1009 2867 1066 2954 qui
1089 2868 1131 2934 ds
1153 2867 1235 2934 ooelo
1250 2867 1448 2948 deseendi;''
1470 2875 1505 2935 et

449 2979 468 3006 “
491 2967 610 3036 Diuit⁸
631 2970 673 3035 iis
690 2969 804 3036 iesus:
822 2969 941 3050 Amen,
957 2992 1062 3050 amen,
1079 2969 1153 3036 dico
1167 2971 1270 3047 vobis,
1287 2969 1353 3036 nisi
1368 2971 1506 3037 mandu-

449 3079 467 3110 “
489 3072 642 3139 caveritis
663 3093 792 3139 earnem
809 3071 887 3137 Filii
909 3071 1060 3151 hominis,
1084 3077 1119 3138 et
1140 3071 1290 3137 biberitis
1311 3072 1505 3160 sanguinem

449 3183 467 3209 “
490 3175 570 3261 ejus,
604 3197 671 3240 non
706 3174 871 3242 habebitis
902 3175 1009 3240 vitam
1046 3175 1082 3240 in
1113 3172 1237 3239 vobis.”
1312 3173 1398 3240 (ium
1427 3196 1506 3242 vero

448 3276 568 3342 accidit
598 3277 686 3362 quod
708 3276 801 3357 illud,
832 3276 921 3362 quod
950 3275 1099 3362 sequitur
1120 3275 1260 3340 verbum
1282 3275 1505 3358 transitivum,

449 3381 499 3442 est
532 3398 600 3441 una
631 3378 737 3442 oratio
771 3377 919 3464 simplex,
947 3379 1002 3443 vel
1034 3378 1216 3465 composita
1244 3398 1287 3442 ex
1316 3378 1436 3465 paucis,
1466 3384 1507 3445 ut

449 3478 616 3543 anhelitus
654 3478 849 3566 proferentis
886 3479 1029 3546 sufficiat
1066 3481 1109 3545 ad
1147 3480 1217 3560 hoc,
1256 3479 1357 3546 debet
1395 3485 1505 3547 totum

449 3581 644 3647 continuari
706 3580 791 3646 Cum
821 3587 934 3648 autem
956 3603 1096 3669 magnus
1126 3603 1232 3647 sermo
1262 3581 1411 3668 sequitur
1432 3605 1504 3649 ver·

446 3684 527 3749 bum
549 3682 775 3765 transitivum,
798 3684 884 3750 sicut
905 3685 943 3749 in
966 3684 1130 3750 Matthaeo
1143 3681 1172 3748 :⁰
1213 3683 1287 3749 “Et
1316 3684 1447 3771 aperuit
1469 3707 1505 3750 os

447 3795 466 3821 “
489 3807 594 3864 suum,
611 3786 731 3865 dicens,
747 3785 845 3852 Beati
864 3807 1021 3874 pauperes
1037 3786 1165 3874 spiritu,
1181 3786 1335 3871 quoniam
1357 3786 1504 3873 ipsorum

449 3896 467 3922 “
490 3893 542 3956 est
575 3911 712 3978 regnum
751 3888 935 3966 coelorum,”
973 3892 1041 3968 etc,
1081 3888 1232 3974 quamvis
1269 3892 1378 3954 totum
1416 3888 1504 3975 quod

447 3992 596 4077 sequitur
628 3992 785 4058 terminet
816 3990 995 4057 transitum
1033 3990 1135 4068 verbi,
1174 3995 1287 4056 tamen
1318 3991 1396 4077 quia
1432 4013 1504 4057 sen·

480 4329 487 4359 ¹
500 4327 548 4393 111]
567 4343 616 4378 0111·
629 4328 660 4378 Τ·
1029 4329 1087 4394 ἐι]
1106 4329 1156 4391 vel,
1169 4329 1199 4380 Τ.

479 4406 611 4550 ζὲξζίᾞ
628 4413 733 4533 {mm
744 4407 775 4457 T.
1029 4433 1179 4499 'Jolannq
1198 4432 1391 4484 vi.41mdss.

479 4522 647 4629 serapam]
658 4520 812 4627 'scriptura
830 4561 860 4613 r.
1030 4537 1127 4604 uass]
1147 4537 1217 4599 dicit,
1230 4538 1260 4588 Β.

479 4643 489 4673 ⁸
501 4643 551 4709 111]
571 4642 613 4704 1111ι
625 4642 655 4694 Τ·
776 4682 777 4685 =
1028 4640 1182 4708 ’Muttloeo]
1201 4657 1226 4694 v.
1238 4647 1261 4693 2.
