3586 5640
455 759 519 824 154
709 727 714 737 ¹
839 772 967 829 nouum
990 774 1137 828 mucuns
1416 760 1505 850 [oin.

284 946 542 1014 Arssumfflsstrina
572 949 739 1013 demensio
770 949 975 1036 geometrica,
1011 952 1190 1016 secundum
1221 952 1365 1039 longum,
1397 952 1504 1019 lutum

283 1015 439 1134 zffflffl
451 1053 486 1115 et
528 1051 738 1137 profundum,
794 1056 828 1117 et
873 1054 1019 1138 pertinet
1062 1055 1105 1119 ad
1148 1053 1218 1120 haeo
1250 1075 1324 1140 quae
1365 1056 1506 1140 quaesita

283 1146 310 1198 it.
450 1157 538 1218 sunt.
592 1152 783 1240 Philosophi
804 1176 883 1220 vero
906 1160 983 1220 unte
1006 1155 1220 1222 Aristotelem
1243 1177 1385 1223 vacnum
1408 1163 1504 1223 extra

450 1257 569 1322 coelum
603 1261 638 1322 et
674 1257 764 1322 infra
801 1256 920 1323 eoelum
966 1262 1100 1345 propter
1144 1263 1272 1324 motum
1312 1264 1502 1346 posuerunt

449 1358 496 1424 Et
543 1359 613 1446 ipse
662 1358 803 1446 quarto¹
852 1360 1076 1446 Physicorum,
1109 1361 1149 1426 de
1192 1360 1313 1440 Vacuo,
1353 1363 1503 1448 disputat

448 1466 563 1526 contra
585 1462 652 1527 hoc
700 1463 785 1528 Oum
815 1463 919 1550 igitur
948 1463 1125 1550 probatum
1155 1467 1206 1529 est
1243 1465 1332 1549 qnod
1369 1469 1504 1552 propter

448 1568 574 1629 motum
604 1565 737 1630 localem
776 1586 844 1630 non
876 1571 927 1630 eat
960 1566 1187 1647 neceesarium,
1211 1566 1269 1632 ced
1302 1568 1408 1655 magis
1442 1568 1503 1633 im·

447 1667 548 1751 pedit,
594 1668 674 1752 quia
709 1690 778 1733 non
815 1667 904 1733 cedit
937 1668 1073 1755 corpori,
1107 1669 1320 1755 quaerendum
1365 1673 1416 1735 eet
1459 1692 1501 1736 an

447 1767 558 1853 aliquo
610 1769 730 1835 modo²
774 1769 879 1857 poenit
922 1792 1064 1837 vacuum
1109 1771 1206 1836 aliter
1243 1771 1397 1837 calvari³
1457 1771 1504 1839 Et

447 1871 635 1936 ostenditur
672 1871 762 1958 quod
798 1893 867 1937 non
879 1897 888 1954 ;
934 1874 1013 1958 quia
1055 1894 1169 1939 omnes
1206 1877 1317 1961 partes
1354 1875 1503 1941 universi

447 1971 573 2038 habent
618 1974 859 2040 ordinationem
904 1975 1090 2042 naturalem
1128 1975 1172 2040 ad
1216 1976 1367 2042 invicem.
1435 1977 1502 2043 Sed

446 2074 483 2139 in
519 2096 623 2142 vacuo
660 2077 752 2143 nulla
789 2082 839 2143 eet
876 2077 1048 2144 inclinatio
1085 2078 1253 2158 naturalis,
1292 2100 1353 2144 nec
1389 2078 1502 2166 aliqua

447 2180 575 2259 natura,
612 2186 652 2245 ut
689 2179 886 2246 Aristoteles
929 2181 1017 2259 dicit,
1057 2202 1135 2268 ergo
1172 2201 1240 2246 non
1285 2185 1396 2268 potest
1432 2204 1502 2250 esse

448 2276 484 2343 in
506 2303 615 2346 rerum
638 2281 775 2347 ordine⁴
797 2281 954 2349 naturali.

493 2382 628 2462 Iterum,
661 2384 689 2449 ni
719 2406 861 2450 vacuum
884 2390 979 2466 esset,
1006 2388 1047 2450 ut
1076 2383 1203 2451 dictum
1233 2389 1293 2467 cat,
1317 2404 1386 2451 non
1415 2391 1502 2452 esset

445 2483 558 2569 aliqua
587 2486 692 2550 forma
722 2486 884 2552 naturalia
916 2487 1034 2552 uniens
1066 2487 1138 2573 ejus
1171 2492 1290 2574 purten,
1323 2476 1380 2553 sed
1412 2508 1502 2573 qnae·

445 2585 529 2651 libet
559 2609 635 2674 para
668 2589 765 2654 vacui
787 2595 872 2655 esset
901 2589 938 2654 in
968 2595 1044 2655 actu
1074 2588 1218 2655 discreta
1251 2591 1294 2655 ab
1327 2590 1401 2668 alia,
1425 2611 1499 2656 cum

445 2689 571 2754 nullam
600 2689 739 2756 formam
770 2691 955 2758 naturalem
978 2693 1149 2758 unientem
1173 2687 1251 2758 eae⁶
1288 2691 1324 2757 in
1347 2714 1406 2758 auo
1428 2697 1501 2759 tolo

446 2791 616 2874 haberent,
640 2795 720 2881 quia
752 2795 789 2859 in
811 2815 915 2861 vacuo
948 2795 1042 2860 nulla
1071 2799 1194 2860 natura
1226 2800 1285 2875 est,
1310 2795 1368 2860 sed
1390 2799 1502 2882 partes

445 2894 595 2962 inomni
627 2902 753 2984 quanto
787 2903 866 2963 sunt
902 2897 1065 2976 infinitae3
1102 2903 1137 2963 et
1170 2896 1231 2963 hoo
1267 2896 1303 2962 in
1340 2897 1499 2985 potentia,

445 2999 577 3085 quando
615 3005 695 3065 sunt
732 2988 837 3067 unitae
870 3021 929 3087 per
958 2999 1097 3065 formam
1131 3000 1243 3065 totius.
1299 2999 1391 3086 Ergo
1425 3021 1500 3066 cum

444 3122 511 3168 non
548 3109 686 3189 possunt
723 3102 811 3168 uniri
849 3103 885 3167 in
922 3124 1027 3169 vacuo
1068 3125 1127 3190 per
1164 3102 1308 3188 aliquam
1352 3102 1505 3185 formum,

444 3210 543 3269 emnt
565 3205 707 3270 infinitae
730 3206 766 3268 in
789 3210 886 3284 actu3
919 3205 1009 3293 quod
1031 3210 1083 3271 est
1105 3204 1314 3291 impossibile.

490 3307 627 3386 lterum,
652 3308 679 3372 si
719 3307 808 3372 trina
839 3307 999 3374 dimensio
1029 3330 1088 3395 per
1117 3329 1152 3372 se
1185 3312 1290 3373 staret
1322 3309 1394 3373 aine
1423 3309 1499 3375 nub·

443 3412 569 3476 stantia
597 3411 755 3498 corporali
793 3409 942 3497 aliqua,6
978 3416 1059 3476 tunc
1101 3433 1168 3477 non
1211 3417 1296 3477 esset
1339 3413 1497 3493 accidens,

444 3514 522 3601 quia
552 3515 700 3580 accidens
737 3535 804 3581 non
841 3519 952 3601 potest
989 3537 1047 3601 peu
1083 3537 1118 3579 sc
1156 3519 1262 3597 ature3
1300 3537 1377 3603 ergo
1414 3520 1499 3581 esset

443 3617 631 3683 substantia
677 3618 734 3682 sed
781 3636 847 3682 non
892 3618 1100 3703 incorporoa3
1147 3638 1224 3704 ergo
1262 3623 1347 3682 esset
1384 3639 1499 3705 corpus

443 3722 583 3806 aliquod,
623 3726 658 3786 ot
695 3720 744 3785 ita
781 3725 866 3785 esset
899 3721 1033 3806 plenum
1071 3719 1128 3798 ibi,
1162 3742 1230 3784 non
1267 3741 1418 3799 vacuum,
1443 3720 1497 3786 vel

442 3824 650 3905 elementum,
675 3822 728 3889 vel
751 3812 849 3888 aliud.

488 3921 624 4007 Iterum,
649 3928 736 4013 quod
773 3948 847 3991 non,
872 3931 969 3992 extra
999 3924 1119 3992 eoelum
1149 3921 1269 4012 possit⁷
1292 3947 1370 4006 esse,
1395 3923 1495 3992 dicit⁸

476 4275 594 4343 'naturast
614 4285 702 4342 quarto
719 4275 834 4342 capitulo,
852 4276 882 4328 B.
1022 4273 1160 4325 “ualentem
1191 4270 1247 4340 cua]
1284 4287 1326 4325 eae
1359 4271 1493 4332 unientem,

473 4357 572 4420 ’moclo]
593 4372 640 4406 om.
657 4358 687 4406 B.
990 4352 1021 4405 Τ.

473 4439 599 4485 ³uncuum
621 4472 626 4483 .
648 4471 654 4484 .
675 4472 681 4485 .
703 4434 809 4501 sulcari]
832 4449 938 4485 vacnum
1021 4447 1140 4515 oalfqua]
1161 4448 1217 4509 ὼ,
1234 4447 1263 4498 Β,

439 4531 492 4565 esse
504 4514 575 4565 aliter
586 4513 686 4572 uuluam,
697 4515 741 4574 B.;
759 4530 866 4565 vacuum
878 4528 938 4575 ecce,
1020 4542 1028 4568 ι
1038 4541 1130 4606 Imm]
1151 4547 1233 4605 W
1259 4536 1289 4590 B.

439 4596 580 4655 aliteresae,
591 4592 773 4655 diurnalem,
790 4595 820 4644 L.
1019 4637 1028 4665 ⁸
1040 4636 1112 4701 dicit]
1132 4653 1171 4687 om
1198 4570 1240 4687 θ’

473 4671 677 4737 ⁴rerumordine]
696 4675 884 4735 ordinererum,
897 4671 928 4723 T.
1175 4676 1180 4688 '
1222 4673 1228 4688 ⁴
