3586 5640
362 758 414 846 η]
692 773 925 823 courusmuu
948 772 1075 823 srunu.
1347 759 1413 824 413

357 953 462 1019 multa
484 953 619 1034 invidia,
637 956 671 1018 et
686 953 807 1030 odium,
832 957 866 1017 et
889 974 1013 1032 marcor,
1037 959 1071 1018 et
1091 953 1148 1033 ira,
1173 957 1207 1019 et
1229 955 1411 1018 nuscuntur

358 1057 598 1143 persecutiones
635 1060 770 1135 mutuae,
810 1060 844 1119 et
887 1054 1125 1134 contentiones,
1164 1060 1199 1121 et
1244 1055 1337 1132 rixas,
1377 1059 1412 1121 et

356 1158 473 1244 litigia,
497 1165 532 1223 et
554 1156 694 1235 fraudes,
718 1162 753 1221 et
767 1156 852 1222 doli.
898 1156 1028 1222 Deinde
1052 1156 1226 1243 adquisitis
1266 1156 1412 1243 dignita·
1425 1169 1562 1223 Indoleme

357 1262 447 1327 tibus
480 1267 515 1325 ct
549 1259 678 1325 divitiis
708 1260 814 1325 oritur
847 1258 1009 1345 superbia,
1043 1264 1078 1324 et
1116 1281 1175 1346 per
1212 1280 1413 1344 consequens
1425 1237 1545 1356 &hm

358 1364 503 1428 nascitur
524 1363 645 1439 acedia,
669 1384 743 1447 quas
778 1366 830 1426 est
864 1361 1001 1428 taedium
1025 1362 1104 1426 boui
1134 1359 1323 1447 spiritualis,
1348 1382 1414 1447 qua
1440 1436 1447 1450 .
1472 1371 1543 1421 uires

358 1465 532 1530 offendunt
555 1465 664 1529 Deum
687 1464 918 1530 omissionibus
946 1463 1093 1528 omnium
1117 1464 1287 1541 bonorum,
1311 1469 1346 1530 ct
1368 1462 1413 1528 sic
1426 1440 1570 1570 {¹322ssss

359 1567 541 1653 praevalent
563 1572 701 1653 peccata,
725 1588 799 1652 quae
821 1566 861 1631 de
882 1567 1075 1631 necessitate
1098 1570 1265 1632 exoaecant
1286 1564 1413 1630 animas
1425 1571 1583 1623 theehurch·

358 1676 393 1735 et
408 1671 590 1756 depravant
605 1669 820 1746 voluntatem,
837 1673 878 1734 ut
900 1669 1048 1755 negligat
1070 1673 1105 1733 et
1127 1673 1319 1734 contemnat
1341 1668 1413 1733 vias

359 1772 539 1859 sapientise,
562 1777 597 1836 et
619 1777 658 1837 ut
680 1772 860 1838 secuudum
894 1771 965 1857 ejus
988 1770 1186 1858 dignitatem
1213 1792 1281 1836 non
1303 1769 1414 1836 valeat

359 1875 510 1961 potentia
532 1874 705 1940 irascibilis
727 1874 864 1962 operari.
913 1873 983 1940 Nec
1005 1872 1106 1939 refert
1128 1873 1157 1938 si
1180 1873 1249 1938 sint
1271 1873 1414 1938 multum

359 1983 394 2042 et
408 2000 535 2064 semper
550 1978 586 2042 in
601 1977 721 2058 studio,
738 1982 773 2042 et
787 1977 909 2063 legant,
926 1980 960 2041 et
976 1975 1155 2063 disputent,
1172 1980 1207 2041 et
1222 1973 1412 2062 praedicent,

360 2085 395 2144 et
417 2080 532 2144 famosi
559 2081 659 2145 etiam
690 2079 778 2159 sint;
809 2078 965 2163 quonism
996 2078 1031 2143 hi
1053 2100 1112 2165 per
1133 2078 1269 2165 longum
1292 2079 1414 2143 exerci-

359 2182 446 2246 tium
469 2181 573 2247 studii
589 2180 695 2245 multa
715 2179 818 2245 verba
840 2179 963 2245 habent
985 2181 1021 2244 iu
1043 2181 1255 2247 memoriast
1277 2185 1415 2266 possunt

360 2304 519 2360 revocare,
544 2304 618 2348 cum
642 2281 767 2360 voluat,
800 2282 991 2348 memoriam
1022 2304 1081 2369 per
1117 2283 1352 2368 inspectionem
1374 2283 1414 2347 li·

360 2385 502 2449 brorum.
549 2383 674 2448 Tamen
707 2383 895 2449 recitabunt
927 2384 1029 2450 verba
1061 2384 1201 2449 alionum
1232 2384 1303 2450 sine
1334 2405 1413 2450 vero

360 2487 539 2567 intellectu,
563 2486 648 2551 sicut
670 2486 829 2573 psittacus
860 2491 896 2552 et
927 2487 1008 2574 pica,
1042 2509 1115 2573 qum
1152 2486 1297 2553 formant
1319 2508 1414 2554 voees

361 2590 520 2654 humanas
551 2608 632 2674 quas
654 2611 721 2653 non
743 2589 943 2675 intelligunt,
966 2612 1027 2655 neo
1049 2589 1180 2656 animus
1210 2611 1322 2655 eorum
1354 2613 1414 2656 un-

360 2713 458 2777 quam
481 2691 619 2777 quiescit
640 2691 677 2756 ia
699 2691 823 2757 lumine
842 2692 1001 2771 ventam,
1048 2692 1151 2779 cnjus
1174 2693 1325 2780 probatio
1347 2715 1414 2759 nou

360 2794 466 2859 solum
500 2799 550 2859 est
582 2815 640 2879 per
670 2815 791 2873 caumas,
822 2794 945 2860 scilicet
978 2793 1057 2879 quia
1092 2800 1223 2881 peccata
1253 2801 1414 2860 evacuant

359 2896 564 2962 intellectum
580 2896 759 2982 sapientias,
781 2900 821 2961 ut
836 2901 1003 2962 ostensum
1027 2901 1085 2973 est,
1107 2897 1164 2960 sed
1179 2917 1237 2981 per
1251 2897 1412 2975 effectum,

360 3001 438 3085 quia
460 3001 520 3064 lux
547 3000 726 3085 sapientiae,
751 2999 884 3084 cognita
907 2998 947 3063 de
970 2997 1165 3062 necessitate
1191 2997 1350 3083 diligitur,
1374 3004 1414 3063 ut

359 3104 451 3188 prius
489 3103 615 3166 dictum
652 3105 709 3166 est.
756 3099 823 3164 Sed
860 3098 995 3164 dilectio
1029 3098 1117 3184 parit
1150 3119 1231 3185 opus
1265 3098 1413 3164 debitum

361 3205 530 3289 sapientiae
567 3209 601 3267 et
631 3202 738 3266 vitam
769 3201 799 3265 ei
834 3201 1089 3266 convenientem.
1148 3200 1194 3266 Et
1226 3200 1302 3266 ideo
1339 3223 1413 3266 cum

361 3307 483 3370 vivunt
505 3310 619 3369 contra
642 3304 730 3390 leges
754 3302 935 3388 sapientire,
959 3301 1158 3388 impossibile
1184 3304 1343 3390 estquod
1364 3306 1414 3370 in·

361 3407 515 3492 telligant
539 3427 612 3470 eam
635 3406 713 3471 licet
736 3405 906 3470 ruminent
935 3405 1154 3491 grandissima
1179 3407 1281 3472 verba
1293 3431 1302 3488 ;
1328 3408 1414 3473 sicut

362 3509 455 3594 pueri
481 3506 663 3572 vociferant
687 3506 880 3593 psalterium
904 3507 993 3593 quod
1016 3507 1213 3585 didicerunt,
1241 3515 1276 3574 et
1307 3510 1414 3576 clerici

361 3617 396 3676 et
419 3608 602 3675 sacerdotes
625 3609 750 3674 rurales
773 3609 916 3675 recitant
938 3608 1080 3674 officium
1103 3610 1264 3691 divinum,
1287 3611 1414 3698 dequo

362 3734 478 3799 parum
508 3715 568 3776 aut
598 3711 683 3775 nihil
714 3711 919 3798 intelligunt,
949 3712 1035 3778 sicut
1061 3712 1167 3777 bruta
1227 3712 1325 3778 Unde
1354 3735 1414 3800 pro

362 3821 450 3880 certo
465 3814 676 3902 probavimus
692 3813 727 3877 in
748 3814 881 3895 talibus,
898 3815 985 3900 quod
1000 3814 1084 3879 nihil
1098 3814 1207 3879 sciunt
1221 3815 1414 3881 adinvenire

361 3917 471 3982 studio
500 3916 680 4003 sapientiae,
711 3937 771 3982 nec
801 3938 993 4004 componere
1033 3917 1163 4003 scripta,
1204 3919 1262 3983 sed
1301 3917 1415 3984 alienis

361 4019 528 4085 laboribus
551 4018 744 4084 abutuntur.
