3586 5640
306 779 399 867 vnn]
644 797 875 848 conrnunruu
897 799 1023 848 srunn.
1293 784 1358 848 483

304 991 378 1035 mus
399 971 520 1038 certius
550 973 586 1038 in
608 973 725 1039 radice.
774 973 874 1039 Pauci
896 974 985 1038 enim
1007 974 1190 1060 cogitarent
1216 973 1258 1038 de
1280 993 1359 1038 vera

304 1067 508 1160 expositione
544 1076 641 1141 istius
678 1097 792 1163 passus
830 1080 865 1141 et
898 1077 1038 1142 aliorum
1072 1075 1260 1153 multorum,
1293 1075 1359 1138 nisi

306 1174 475 1242 Andream
496 1179 696 1265 respicerent
717 1178 755 1243 in
777 1179 839 1244 hac
860 1184 963 1266 parte.

349 1277 518 1367 Septimus
551 1302 643 1346 casus
673 1285 809 1368 propter
841 1282 976 1346 nomina
1008 1280 1141 1367 propria
1178 1278 1490 1356 hominum,1·ne⁷tn

305 1387 339 1446 et
368 1389 504 1469 propter
525 1383 686 1449 vocabula
707 1384 861 1465 locorum,
896 1388 930 1449 et
961 1388 1095 1470 propter
1122 1382 1258 1448 nomina
1287 1361 1524 1478 ani-§baffia

304 1483 449 1564 malium,
483 1490 517 1551 et
553 1486 750 1573 plantarum,
783 1491 818 1552 et
848 1486 996 1551 omnium
1029 1507 1138 1551 rerum
1168 1507 1243 1570 quae
1280 1489 1515 1572 suntanimalsin

305 1585 342 1650 in
382 1586 560 1674 Scriptura
617 1589 705 1654 Nam
727 1611 786 1675 per
808 1587 966 1654 Latinum
989 1609 1056 1653 non
1078 1592 1190 1674 potest
1215 1586 1356 1653 discerni
1369 1561 1515 1677 ξξῗξζᾚζ,

306 1689 429 1754 veritas
461 1691 497 1755 in
533 1712 629 1756 sensu
655 1696 690 1756 ct
721 1691 945 1778 expositione;
983 1691 1041 1756 sed
1074 1711 1204 1756 necesse
1239 1693 1288 1755 est
1318 1694 1461 1755 utinen*

306 1812 509 1857 recurramus
540 1793 718 1879 saepissime
740 1793 784 1857 ad
806 1793 936 1879 linguas
960 1793 1092 1878 priores,
1126 1797 1187 1858 aut
1209 1813 1278 1857 non
1300 1813 1358 1877 po-

306 1894 388 1958 terit
401 1895 523 1960 veritas
546 1917 710 1982 apparere.
755 1895 811 1960 Ad
826 1917 970 1982 praesens
986 1895 1119 1982 quidem
1141 1895 1218 1961 volo
1234 1916 1357 1983 ponere

306 1995 374 2060 tria
389 1996 549 2084 exempla,
565 1999 609 2062 ad
624 1997 741 2076 minus,
758 1997 794 2061 in
816 1997 937 2082 quibus
957 1997 1059 2063 variae
1082 1996 1253 2085 opiniones
1268 2001 1355 2074 srrnt,

308 2102 481 2185 etgraves
514 2098 676 2164 falsitates
699 2104 733 2164 et
764 2099 918 2165 stultitiae
949 2121 1086 2186 magnae,
1110 2105 1244 2189 propter
1265 2099 1359 2187 igno-

308 2201 451 2265 rantiam
475 2200 582 2267 Graeci
603 2201 770 2267 idiomatis
792 2205 827 2267 et
850 2200 996 2267 Hebraei.
1042 2201 1127 2268 Cum
1152 2223 1232 2268 vero
1262 2200 1361 2266 Leui-

309 2302 368 2367 tici
393 2302 568 2368 undecimo
597 2308 632 2368 et
662 2303 901 2369 Deuteronomi
925 2307 1044 2390 quarto
1075 2303 1201 2370 decimo
1231 2303 1359 2368 inveni·

309 2409 407 2469 entur
428 2404 586 2470 animalia
606 2405 732 2471 munda
754 2409 788 2471 et
818 2405 979 2470 inmunda
1007 2405 1044 2470 in
1075 2405 1155 2492 lege,
1188 2411 1224 2472 et
1254 2427 1358 2472 unum

308 2507 350 2573 de
386 2507 567 2574 immundis
600 2508 793 2574 nominatur
828 2508 877 2573 ibi
913 2506 1154 2595 cbiroprillus,¹
1192 2508 1462 2577 sciendumchiro

308 2610 416 2697 primo
437 2610 583 2677 breviter
604 2613 645 2676 de
667 2611 795 2676 ratione
817 2611 916 2677 vocis.
963 2611 1025 2678 Est
1047 2617 1160 2678 autem
1182 2611 1220 2676 in
1243 2610 1358 2678 Graeco
1370 2592 1469 2658 gnum.

308 2719 343 2779 et
368 2713 514 2800 antiquis
544 2714 709 2780 codicibus
733 2713 861 2779 Latinis
895 2714 1042 2802 quinque
1074 2713 1287 2801 syllabarum,
1324 2719 1359 2779 et

308 2816 410 2882 habet
447 2816 486 2884 clc
523 2818 705 2904 aspiratum
728 2817 765 2881 in
787 2815 957 2903 principio.
1004 2815 1071 2881 Sed
1106 2816 1227 2903 vulgus
1264 2816 1359 2881 theo-

308 2918 457 3006 logorum
494 2918 649 3006 ignorans
680 2918 787 2984 Graeci
817 2917 975 2983 sermonis
1012 2917 1143 2992 idioma,
1184 2917 1264 2981 dicit
1302 2938 1361 3003 per
1466 2936 1475 2948 ·

309 3023 558 3108 corruptionem,
582 3021 782 3107 cirogrillnm
804 3019 841 3084 in
865 3024 1008 3104 quatuor
1022 3019 1164 3103 syllabis.
1196 3018 1360 3098 Quoniam

309 3147 388 3189 vero
422 3125 467 3188 sit
497 3123 629 3201 animal,
655 3121 824 3187 sciendum
857 3121 945 3207 quod
972 3120 1108 3185 Hebraei
1130 3120 1167 3184 in
1188 3120 1268 3187 locis
1293 3143 1361 3186 me-

309 3225 446 3290 moratis
475 3229 671 3290 construunt
702 3221 915 3302 cuniculum,
948 3227 982 3288 et
1017 3224 1195 3288 secundum
1231 3224 1362 3290 Graecos

311 3326 518 3413 chirogrillus
542 3331 593 3392 est
616 3326 793 3392 cuniculus
840 3325 928 3390 Item
950 3325 1029 3412 quia
1042 3326 1229 3413 antiquitus
1251 3327 1362 3414 viguit

309 3428 424 3515 lingua
455 3427 570 3494 Graeca
599 3427 635 3492 in
668 3427 781 3493 multis
813 3426 992 3516 provinciis
1019 3427 1156 3510 Latinio,
1187 3433 1222 3495 et
1246 3429 1362 3516 lingua

310 3536 424 3596 nostra
453 3531 500 3595 sit
529 3530 709 3617 composita
731 3551 773 3595 ex
803 3529 918 3597 Graeco
940 3552 1000 3617 pro
1033 3553 1154 3618 magna
1190 3536 1294 3617 parte,
1327 3537 1362 3596 et

311 3633 456 3700 scientiae
478 3633 558 3719 ipsae
579 3632 749 3698 translatae
772 3637 850 3698 sunt
873 3654 915 3698 ex
937 3654 985 3714 eo,
1000 3638 1040 3698 ut
1061 3634 1153 3720 prius
1174 3635 1362 3720 expositum

311 3740 370 3814 est,
385 3735 460 3800 ideo
482 3735 588 3800 multa
611 3735 772 3801 vocabula
793 3735 829 3799 in
852 3735 989 3800 diversis
1009 3736 1106 3801 terris
1125 3741 1362 3803 remanserunt.

312 3837 413 3904 Unde
433 3838 469 3901 in
487 3837 647 3919 Pictavia,
671 3842 707 3903 et
721 3837 913 3924 Aquitania,
936 3842 971 3903 et
994 3837 1188 3904 Tholosanis
1202 3838 1361 3925 partibus,

311 3941 348 4006 in
370 3939 554 4018 Provincia,
570 3944 680 4006 totum
702 3940 824 4027 vulgus
846 3939 1037 4006 clericorum
1059 3941 1245 4006 cuniculum
1267 3946 1365 4007 vocat

311 4042 543 4131 chirogrillum,
570 4043 648 4109 licet
663 4047 852 4130 corrumpat
881 4043 1068 4130 aliqualiter
1089 4043 1199 4131 ipsum
1222 4044 1365 4109 vocabu-

310 4145 389 4228 lum,
413 4151 452 4211 ut
474 4145 622 4232 praedixi
677 4146 842 4212 Praeterea
873 4145 1099 4232 Hieronymus
1128 4145 1169 4211 de
1193 4145 1366 4212 Hebraicis

311 4248 501 4315 nominibus
523 4249 560 4313 in
591 4249 761 4314 vocabulis
795 4247 951 4314 Jeremiae
982 4247 1072 4327 dicit,
1105 4249 1194 4334 quod
1231 4247 1367 4336 copton

312 4350 493 4418 Hebraeum
517 4351 684 4439 significat
704 4350 858 4439 leporem,
881 4349 1050 4432 hericium,
1074 4371 1132 4417 seu
1153 4349 1366 4435 hananiam,
