3586 5640
455 732 520 798 Μ
832 748 960 799 uocum
984 747 1129 799 sacoma
1417 735 1505 825 [cer.

454 924 490 988 in
527 921 734 989 revolutione
771 924 928 1011 temporis
964 924 1089 989 lunaris
1131 924 1222 990 nullo
1259 925 1357 992 modo
1394 934 1507 994 errent

450 1026 575 1092 tabulae
599 1027 817 1104 astronomiae,
843 1032 881 1091 ut
904 1032 1028 1092 certum
1052 1033 1102 1092 est
1114 1025 1133 1106 ;¹
1159 1028 1238 1113 quia
1260 1029 1429 1115 proprium
1456 1035 1506 1095 est

450 1129 657 1195 astronomia
680 1129 858 1194 certificare
879 1130 950 1195 haec
972 1134 1141 1216 tempora;
1164 1134 1199 1194 et
1220 1152 1390 1217 nunquam
1413 1132 1507 1197 inve·

450 1231 559 1296 nimus
582 1231 761 1296 falsitatem
784 1231 960 1296 secundum
989 1231 1120 1297 tabulas
1154 1232 1236 1310 illas,
1270 1233 1356 1299 sicut
1386 1235 1505 1321 probu-

451 1356 523 1398 mus
545 1356 604 1420 per
626 1335 758 1421 eclipses
783 1339 819 1399 et
849 1339 968 1399 caetera
999 1356 1073 1419 quse
1106 1334 1141 1398 in
1176 1335 1258 1400 coelo
1291 1343 1502 1403 renovantur.

450 1437 496 1501 Et
518 1437 545 1500 si
569 1437 757 1523 opinionem
780 1441 886 1501 totam
909 1436 1003 1523 vulgi
1037 1437 1078 1501 de
1110 1437 1280 1503 lunatione
1306 1444 1341 1503 et
1363 1438 1505 1504 kalenda

449 1539 654 1626 accipiamus,
686 1539 831 1606 dicentes
862 1539 951 1625 quod
975 1539 1137 1605 Dominus
1163 1540 1229 1606 fuit
1251 1563 1364 1628 passus
1387 1547 1504 1608 octavo

448 1641 608 1707 kalendas
631 1641 763 1728 Aprilis,
788 1647 823 1708 et
845 1641 1090 1727 quintadecima
1104 1642 1192 1722 luna,
1207 1647 1287 1709 tuuc
1310 1665 1429 1710 aureus
1442 1666 1504 1710 nu-

449 1765 558 1810 merus
573 1746 609 1809 in
623 1766 711 1810 anno
727 1744 893 1810 Passionis
915 1743 980 1810 fuit
1003 1744 1148 1810 decimus
1163 1746 1288 1824 tertius,
1306 1746 1392 1812 sicut
1415 1745 1507 1812 Beda

449 1848 571 1925 scribit,
588 1854 622 1913 et
637 1851 730 1934 patet
752 1847 924 1913 manifeste
945 1847 982 1912 in
1004 1845 1204 1914 kalendario.
1252 1847 1317 1914 Sed
1341 1848 1505 1916 Dominus

449 1951 514 2016 fuit
536 1957 635 2016 natus
657 1951 799 2016 secundo
814 1972 900 2016 anno
924 1950 1007 2037 cycli
1030 1950 1310 2031 decennovenalis,
1326 1952 1504 2017 secundmn

451 2054 616 2120 ecclesiam
650 2059 686 2118 et
716 2075 837 2132 omnes,
861 2059 896 2118 et
927 2053 978 2118 ita
1009 2054 1189 2119 secundum
1223 2053 1352 2140 cyclum
1386 2054 1506 2120 habuit

449 2157 628 2223 octodecim
643 2178 746 2221 annos
761 2158 796 2221 in
811 2157 876 2220 fine
891 2157 989 2243 primi
1014 2157 1093 2242 cycli
1108 2180 1115 2236 ;
1148 2156 1269 2242 quibus
1294 2156 1322 2221 si
1349 2158 1506 2223 tredecim

452 2260 530 2324 anni
555 2259 691 2324 alterius
718 2260 800 2344 cycli
825 2257 991 2324 addantur
1017 2259 1111 2346 (quia
1137 2259 1283 2324 decimus
1301 2260 1420 2326 tertius
1442 2260 1507 2326 fuit

455 2383 573 2427 aureus
606 2383 761 2426 numerus
795 2362 831 2425 in
863 2383 950 2426 anno
973 2360 1163 2447 Passionis),
1189 2368 1270 2427 tunc
1301 2368 1400 2428 erunt
1428 2364 1508 2431 anni

452 2464 593 2551 triginta
615 2470 649 2528 et
671 2486 757 2529 unus
779 2463 958 2528 secundum
981 2463 1119 2548 cyclum.
1173 2464 1240 2530 Sed
1262 2464 1297 2529 hi
1320 2466 1459 2552 triginta
1473 2470 1508 2532 et

454 2589 540 2632 unus
573 2588 640 2631 non
666 2572 745 2632 sunt
768 2566 946 2632 secundum
967 2571 1101 2632 aetatem
1135 2589 1248 2632 veram
1284 2566 1409 2634 Christi
1442 2569 1508 2635 nisi

455 2669 577 2758 viginti
592 2690 721 2748 novem,
737 2674 772 2734 et
787 2675 948 2756 quantum
971 2669 1071 2734 fluxit
1084 2692 1105 2734 a
1120 2669 1236 2736 Natali
1251 2692 1354 2756 usque
1369 2671 1412 2736 ad
1429 2671 1507 2736 Pas-

454 2773 578 2838 sionem
596 2772 740 2848 Domini,
756 2777 795 2837 ut
813 2777 906 2858 patet
928 2771 1155 2838 consideranti
1202 2773 1290 2860 Ergo
1307 2773 1372 2839 luit
1394 2796 1508 2862 passus

454 2877 489 2941 in
505 2875 669 2942 tricesimo
684 2896 770 2940 anno
793 2874 904 2940 aetatis
926 2896 1002 2954 suae,
1019 2873 1105 2959 quod
1122 2880 1174 2940 est
1189 2881 1304 2941 contra
1318 2875 1508 2964 Evangelia.

455 2978 543 3044 Nam
575 2978 703 3044 Lucas²
734 2975 835 3043 refert
873 2976 1060 3042 Johannem
1100 2977 1287 3064 Baptistam
1324 2977 1508 3066 baptizasse

455 3081 624 3147 Christum
661 3080 873 3167 incipientem
910 3080 1005 3165 quasi
1048 3080 1195 3167 trigenta
1237 3103 1406 3146 annorum.
1462 3083 1508 3149 Et

453 3184 632 3249 secundum
655 3183 754 3248 fidem
778 3182 1030 3268 Evangeliorum
1055 3182 1249 3268 praedicavit
1271 3191 1384 3271 postea
1406 3185 1507 3272 pluri·

454 3288 516 3352 bus
554 3287 655 3351 annis
718 3285 784 3350 Sed
821 3286 915 3371 longe
953 3284 1072 3349 fortius
1109 3289 1218 3372 potest
1256 3286 1361 3370 objici.
1419 3287 1507 3353 Nam

454 3389 603 3475 sequitur
640 3410 682 3452 ex
720 3387 781 3453 hoc
818 3387 905 3473 quod
943 3387 1105 3452 Dominus
1142 3386 1207 3452 fuit
1241 3410 1354 3474 passus
1387 3390 1424 3454 in
1455 3390 1508 3455 die

453 3491 634 3568 Dominica,
674 3491 763 3576 quod
801 3495 851 3554 est
885 3488 1056 3554 manifeste
1084 3488 1211 3554 falsum.
1268 3489 1364 3570 Quod
1397 3497 1508 3558 autem

452 3592 625 3680 sequatur³
648 3615 690 3657 ex
713 3593 782 3672 hoc,
806 3593 945 3658 ostendo
968 3593 1023 3656 sic.
1071 3592 1215 3657 Ecclesia
1237 3595 1386 3679 sequitur
1415 3595 1509 3661 tabu-

285 3712 430 3764 Theables
453 3699 518 3764 lam
553 3696 705 3782 Dionysii
737 3694 884 3760 abbatis⁴
923 3693 1071 3772 Romani,
1095 3700 1130 3760 et
1152 3694 1188 3758 in
1220 3717 1311 3760 cereo
1345 3697 1511 3783 paschali3

285 3779 428 3903 2222ssth
453 3800 643 3865 inveniatur
665 3799 769 3884 igitur
791 3796 889 3861 litera
904 3796 1092 3861 tabularum
1108 3821 1116 3877 ;
1142 3802 1176 3861 et
1191 3798 1381 3863 revolvatur
1394 3799 1510 3864 tabula

283 3912 407 3966 esnone.
453 3925 555 3989 usque
578 3901 620 3966 ad
644 3901 864 3966 Nativitatem
880 3905 914 3964 et
938 3899 1025 3963 diem
1043 3897 1227 3976 Passionis;
1250 3909 1284 3965 et
1306 3906 1510 3988 supponatur

452 4005 540 4091 quod
577 4003 820 4090 quintadecima
853 4001 919 4065 luit
950 4001 1030 4066 luna
1063 4001 1099 4065 in
1134 4000 1287 4066 Passione
1321 4003 1358 4066 in
1391 4008 1508 4068 octavo

451 4107 628 4172 kalendas:
653 4116 732 4172 tunc
755 4103 963 4169 manifestum
997 4100 1078 4169 erit⁵
1109 4103 1197 4190 quod
1230 4104 1297 4170 fuit
1328 4127 1442 4192 passus
1472 4107 1509 4171 in

451 4210 505 4273 die
529 4208 709 4273 Dominica,
765 4206 854 4272 Nam
877 4205 1017 4292 quilibet
1040 4207 1097 4292 qui
1119 4207 1181 4271 scit
1203 4206 1329 4292 aliquid
1356 4206 1397 4273 de
1423 4229 1509 4274 com-

485 4502 492 4531 ¹
506 4507 630 4550 etcertum
643 4500 691 4565 est]
711 4515 759 4549 om.
773 4500 803 4550 T.
978 4501 982 4516 '
1040 4503 1050 4530 ⁴
1062 4499 1180 4565 Dionysii
1198 4500 1309 4567 obbatis]
1331 4503 1428 4555 abbatis
1445 4502 1508 4554 Dio-

486 4582 496 4611 ²
508 4578 605 4644 lucca]
619 4578 654 4628 iii.
668 4584 708 4627 2³.
1007 4581 1083 4646 nyrii‚
1096 4581 1126 4630 Τ.

485 4662 495 4691 ⁸
506 4657 634 4723 sequace]
654 4667 777 4721 sequetur,
789 4658 819 4708 B.
1039 4659 1118 4725 ἐή]
1138 4675 1186 4709 cm.
1200 4660 1230 4712 B.
