3586 5640
305 779 397 868 vnn]
648 794 880 846 conraumun
900 795 1025 846 aranu.
1299 784 1366 852 487

305 973 441 1049 morato,
474 989 509 1036 ee
541 969 680 1036 inclinet
714 969 757 1033 ed
791 969 1042 1038 translationem
1074 974 1178 1037 eextee
1209 972 1365 1038 editionis

306 1072 411 1159 magis
433 1094 534 1159 quam
557 1072 601 1138 ad
633 1071 794 1158 quintam,
823 1092 897 1157 quae
929 1071 1104 1138 manifeste
1126 1074 1210 1139 talea
1232 1081 1291 1154 eet,
1325 1081 1365 1145 ut

305 1180 408 1261 patet,
432 1196 499 1240 non
521 1179 656 1263 propter
678 1175 740 1240 hoc
763 1174 971 1240 concluditur
993 1175 1082 1260 quod
1113 1198 1173 1261 pro
1196 1179 1364 1245 sententia

305 1277 389 1342 velit
404 1276 639 1364 Hieronymus,
663 1277 752 1362 quod
774 1276 969 1363 nycticorax
993 1278 1038 1343 eit
1060 1283 1191 1356 noctua,
1207 1281 1265 1344 sed
1287 1279 1366 1365 quia

306 1378 405 1465 longe
422 1380 528 1466 magis
549 1379 704 1444 videatur
726 1382 761 1445 et
791 1379 920 1466 placeat
942 1380 1012 1459 hoe,
1035 1402 1136 1466 quam
1158 1382 1246 1466 quod
1277 1381 1364 1446 dica

307 1484 364 1546 tur
386 1503 506 1567 upupa,
522 1481 611 1567 quod
633 1480 839 1548 nullomodo
857 1486 944 1548 stare
966 1485 1086 1568 potest.
1133 1482 1263 1549 Deinde
1278 1484 1366 1569 quod

307 1581 408 1647 infert
431 1582 591 1650 Hebraeos
622 1582 826 1649 Hebraicum
855 1583 1054 1650 vocabulum
1081 1585 1143 1650 hoc
1177 1589 1365 1651 construere

307 1689 342 1750 et
364 1705 525 1772 exponere
547 1690 711 1764 noctuam,
734 1706 802 1750 non
825 1686 934 1773 cogit3
957 1689 1035 1773 quia
1056 1708 1173 1753 verum
1196 1692 1247 1753 eet
1277 1687 1366 1773 quod

308 1786 412 1873 aliqui
439 1787 576 1854 Hebraei
609 1789 656 1854 eic
690 1788 936 1870 construebant,
959 1789 1017 1854 aed
1048 1790 1158 1876 plures
1189 1789 1364 1869 bubonem,

307 1895 348 1955 ut
368 1889 479 1971 infert,
503 1890 615 1956 dicens
637 1894 773 1978 propter
793 1890 955 1957 Hebraeos
977 1891 1108 1970 dicitur,
1135 1891 1269 1957 “factus
1292 1913 1366 1956 eum

308 1996 326 2027 ‘³
347 1993 434 2057 eicut
456 1991 606 2073 noctua,''
638 2015 698 2079 pro
722 1992 889 2059 Hebraico
911 1993 1071 2059 vocabulo
1093 1993 1163 2071 hoc,
1187 1994 1276 2078 quod
1298 1994 1366 2080 ple-

308 2096 402 2180 rique
423 2094 590 2160 bubonem
623 2093 809 2181 eignificare
836 2098 966 2181 putant
1012 2095 1058 2161 Et
1087 2094 1162 2160 ideo
1184 2095 1269 2160 nihil
1294 2117 1368 2161 een-

308 2197 433 2261 tentiat
464 2194 699 2282 Hieronymus,
726 2197 785 2262 aed
820 2196 981 2282 relinquit
1017 2197 1055 2261 in
1086 2195 1198 2277 dubio,
1221 2219 1368 2268 asserens

309 2304 422 2364 tamen
444 2297 533 2384 quod
560 2298 707 2384 plerique
730 2297 950 2364 Hebraeorum
972 2297 1078 2365 velint
1100 2298 1266 2364 bubonem
1289 2321 1366 2379 esee,

309 2400 429 2486 quibua
443 2400 613 2466 consentio
634 2399 671 2464 in
693 2399 755 2464 bac
776 2405 878 2486 parte.
925 2397 1161 2487 Adjiciendum
1184 2407 1235 2468 eet
1256 2404 1366 2482 etiam,

310 2503 399 2590 quod
428 2503 566 2568 nomina
588 2506 667 2568 eunt
697 2502 867 2589 aequivoca
889 2504 925 2568 in
947 2503 1039 2568 omni
1060 2504 1184 2591 lingua,
1201 2510 1241 2571 ut
1273 2505 1366 2572 vide-

310 2627 383 2672 mus
404 2605 544 2671 infinitis
574 2606 690 2684 modis,
722 2625 791 2671 non
813 2606 918 2671 colum
948 2606 985 2671 in
1007 2605 1146 2672 divereie
1168 2607 1367 2694 regionibus,

309 2709 421 2775 sedin
443 2709 565 2774 eadem.
612 2706 657 2772 Et
679 2707 754 2773 ideo
776 2707 806 2773 ei
828 2708 981 2774 volumus
1004 2713 1136 2774 textum
1159 2709 1312 2775 Pealterii
1333 2716 1368 2775 et

308 2811 391 2898 legis
412 2811 510 2877 simul
531 2809 668 2888 salvare,
692 2815 727 2874 et
750 2830 863 2875 omnes
885 2816 1042 2891 auctores,
1065 2832 1238 2896 possumus
1260 2811 1367 2877 dicere

309 2914 399 2999 quod
419 2914 613 3000 nycticorax
627 2917 678 2978 eet
693 2911 900 2996 aequivocum
915 2911 958 2976 ad
973 2918 1128 2977 noctuam
1143 2919 1178 2978 et
1191 2912 1365 2991 bubonem,

309 3017 365 3082 vel
393 3035 566 3080 commune
599 3013 752 3078 omnibus
782 3012 901 3078 avibus
932 3014 1102 3078 nocturnis
1124 3012 1179 3078 vel
1210 3013 1366 3099 pluribus.

312 3118 358 3183 Et
379 3118 426 3182 eic
453 3116 611 3195 Isidorus,
643 3120 679 3180 et
706 3113 940 3200 Hieronymus,
964 3119 998 3179 et
1024 3113 1089 3195 len,
1112 3120 1147 3180 et
1170 3113 1367 3180 Pealterium

313 3224 449 3306 possunt
493 3217 636 3303 intelligi
673 3213 834 3280 veraciter
873 3215 1100 3282 diversimode.
1160 3215 1227 3282 Sed
1271 3217 1367 3283 credo

312 3325 425 3385 tamen
447 3317 646 3383 sententiam
668 3317 810 3404 priorem
833 3337 902 3382 esee
923 3317 1098 3382 meliorem.

359 3421 520 3488 Similiter
544 3419 585 3484 de
606 3418 774 3506 pellicano,
798 3424 834 3485 et
863 3420 1092 3506 porphyrione,
1116 3426 1151 3487 et
1173 3422 1368 3501 onocrotalo,
1381 3423 1534 3474 Pedianus.

312 3523 393 3611 quid
416 3522 491 3601 sint,
522 3542 643 3607 magna
665 3520 830 3586 dubitatio
853 3526 912 3602 eet,
935 3540 995 3587 nec
1017 3528 1126 3607 potest
1148 3524 1271 3589 veritae
1294 3524 1370 3589 sciri

312 3626 378 3692 niei
411 3647 471 3713 per
501 3623 684 3688 Hebraeum
713 3628 747 3689 et
774 3623 934 3689 Graecum.
979 3623 1069 3688 Nam
1101 3625 1195 3690 Brito
1226 3627 1371 3691 mendax

313 3727 394 3794 dicit
437 3726 527 3812 quod
564 3723 623 3789 ubi
667 3745 728 3791 noe
772 3726 931 3791 habemus
968 3727 1229 3813 porphyrionem,
1270 3727 1369 3794 Dent.

312 3835 430 3917 quarto
453 3828 589 3907 decime,
614 3827 835 3914 Septuaginta
857 3827 1052 3913 interpretes
1078 3827 1209 3906 habent,
1229 3828 1371 3915 pellica-

311 3952 408 4000 ruam.
455 3932 501 3997 Et
525 3929 740 4018 proculdubio
761 3929 877 4017 gloeeae
905 3929 1131 3995 interlineares
1157 3931 1370 4016 magistrales,

312 4036 370 4101 eod
392 4034 554 4112 mendose,
577 4034 639 4099 boc
661 4033 784 4098 dieunt
831 4030 899 4096 Sed
925 4031 983 4117 qui
1005 4031 1066 4097 ecit
1089 4031 1241 4098 Greecum
1263 4038 1373 4119 poteat

312 4139 348 4202 in
371 4137 486 4204 Graeco
508 4135 633 4201 ibidem
667 4134 790 4199 discere
821 4133 910 4219 quod
932 4131 1130 4219 pellicanum
1163 4138 1198 4199 et
1228 4134 1372 4221 porphy-

311 4241 439 4308 rionem
469 4239 568 4304 eimul
599 4236 772 4323 conjungit
804 4240 941 4314 textue3
973 4241 1008 4300 et
1038 4235 1112 4300 ideo
1143 4257 1211 4301 non
1233 4241 1372 4322 possunt

314 4364 382 4408 esee
404 4343 501 4423 idem,
524 4341 583 4408 eed
605 4339 764 4406 mimalia
786 4337 925 4415 diversa,
949 4336 1028 4423 quia
1049 4337 1137 4404 idem
1159 4338 1282 4404 animal
1304 4361 1373 4405 non

315 4450 510 4509 numeretur
531 4442 591 4509 bie
632 4442 840 4528 Quapropter
853 4440 1034 4505 tenendum
1048 4443 1098 4506 eet
1120 4441 1207 4527 quod
1229 4441 1374 4532 porphy-

315 4548 364 4609 rio
399 4552 434 4610 et
464 4545 643 4632 pellicanus
676 4549 756 4611 eunt
789 4543 920 4608 diversa
956 4542 1135 4623 animalia;
1169 4550 1204 4610 et
1236 4547 1374 4611 ulterius

317 4648 406 4735 quod
441 4648 620 4735 pellicanus
653 4653 688 4716 et
720 4645 927 4717 onocrotalus
956 4651 1036 4712 eunt
1057 4645 1153 4712 idem.
1203 4646 1292 4716 Nam
1315 4647 1375 4713 ubi
