<?xml version="1.0" encoding="UTF-8"?>
<!DOCTYPE html PUBLIC "-//W3C//DTD XHTML 1.0 Transitional//EN"
    "http://www.w3.org/TR/xhtml1/DTD/xhtml1-transitional.dtd">
<html xmlns="http://www.w3.org/1999/xhtml" xml:lang="en" lang="en">
 <head>
  <title>
</title>
<meta http-equiv="Content-Type" content="text/html;charset=utf-8" />
  <meta name='ocr-system' content='tesseract 3.04.00' />
  <meta name='ocr-capabilities' content='ocr_page ocr_carea ocr_par ocr_line ocrx_word'/>
</head>
<body>
  <div class='ocr_page' id='page_1' title='image "./operaqudamhacte00bacogoog_0386.png"; bbox 0 0 3586 5640; ppageno 0'>
   <div class='ocr_carea' id='block_1_1' title="bbox 457 761 1509 848">
    <p class='ocr_par' dir='ltr' id='par_1_1' title="bbox 457 761 1509 848">
     <span class='ocr_line' id='line_1_1' title="bbox 457 761 1509 848; baseline -0.009 -18"><span class='ocrx_word' id='word_1_1' title='bbox 457 763 523 836; x_wconf 78' lang='lat'>270</span> <span class='ocrx_word' id='word_1_2' title='bbox 837 781 965 831; x_wconf 81' lang='lat' dir='ltr'>nocuas</span> <span class='ocrx_word' id='word_1_3' title='bbox 988 778 1134 830; x_wconf 68' lang='lat' dir='ltr'>ancoris</span> <span class='ocrx_word' id='word_1_4' title='bbox 1421 761 1509 848; x_wconf 75' lang='lat' dir='ltr'>[cir.</span> 
     </span>
    </p>
   </div>
   <div class='ocr_carea' id='block_1_2' title="bbox 310 951 1509 3397">
    <p class='ocr_par' dir='ltr' id='par_1_2' title="bbox 455 951 1509 1143">
     <span class='ocr_line' id='line_1_2' title="bbox 456 951 1509 1043; baseline -0.005 -22"><span class='ocrx_word' id='word_1_5' title='bbox 456 956 660 1034; x_wconf 88' lang='lat' dir='ltr'>maleficium,</span> <span class='ocrx_word' id='word_1_6' title='bbox 683 957 896 1042; x_wconf 72' lang='lat' dir='ltr'><strong>praestigium,</strong></span> <span class='ocrx_word' id='word_1_7' title='bbox 921 956 1145 1043; x_wconf 65' lang='lat' dir='ltr'>&#39;sortilegium</span> <span class='ocrx_word' id='word_1_8' title='bbox 1179 976 1318 1039; x_wconf 90' lang='lat' dir='ltr'>quarum</span> <span class='ocrx_word' id='word_1_9' title='bbox 1351 951 1509 1039; x_wconf 83' lang='lat' dir='ltr'>quaelibet</span> 
     </span>
     <span class='ocr_line' id='line_1_3' title="bbox 455 1053 1509 1143; baseline -0.002 -21"><span class='ocrx_word' id='word_1_10' title='bbox 455 1057 556 1125; x_wconf 88' lang='lat' dir='ltr'>habet</span> <span class='ocrx_word' id='word_1_11' title='bbox 578 1058 699 1143; x_wconf 86' lang='lat' dir='ltr'>species</span> <span class='ocrx_word' id='word_1_12' title='bbox 721 1058 851 1125; x_wconf 85' lang='lat' dir='ltr'>multas.</span> <span class='ocrx_word' id='word_1_13' title='bbox 890 1058 935 1124; x_wconf 88' lang='lat' dir='ltr'>Et</span> <span class='ocrx_word' id='word_1_14' title='bbox 957 1059 1027 1124; x_wconf 83' lang='lat' dir='ltr'>haec</span> <span class='ocrx_word' id='word_1_15' title='bbox 1049 1057 1118 1125; x_wconf 88' lang='lat' dir='ltr'>sola</span> <span class='ocrx_word' id='word_1_16' title='bbox 1139 1057 1339 1143; x_wconf 73' lang='lat' dir='ltr'>dampnatur</span> <span class='ocrx_word' id='word_1_17' title='bbox 1353 1077 1374 1119; x_wconf 91' lang='lat' dir='ltr'>a</span> <span class='ocrx_word' id='word_1_18' title='bbox 1388 1053 1509 1121; x_wconf 75' lang='lat' dir='ltr'>emotis</span> 
     </span>
    </p>

    <p class='ocr_par' dir='ltr' id='par_1_3' title="bbox 453 1157 1509 2272">
     <span class='ocr_line' id='line_1_4' title="bbox 455 1157 1509 1246; baseline -0.005 -21"><span class='ocrx_word' id='word_1_19' title='bbox 455 1165 490 1225; x_wconf 91' lang='lat' dir='ltr'>et</span> <span class='ocrx_word' id='word_1_20' title='bbox 521 1159 722 1246; x_wconf 88' lang='lat' dir='ltr'>philosophis</span> <span class='ocrx_word' id='word_1_21' title='bbox 756 1159 917 1238; x_wconf 89' lang='lat' dir='ltr'>similiter,</span> <span class='ocrx_word' id='word_1_22' title='bbox 941 1182 1009 1228; x_wconf 94' lang='lat' dir='ltr'>non</span> <span class='ocrx_word' id='word_1_23' title='bbox 1046 1160 1112 1226; x_wconf 85' lang='lat' dir='ltr'>alia</span> <span class='ocrx_word' id='word_1_24' title='bbox 1149 1157 1391 1238; x_wconf 81' lang='lat' dir='ltr'>mathematica,</span> <span class='ocrx_word' id='word_1_25' title='bbox 1424 1157 1509 1227; x_wconf 80' lang='lat' dir='ltr'>siout</span> 
     </span>
     <span class='ocr_line' id='line_1_5' title="bbox 454 1259 1509 1348; baseline -0.005 -20"><span class='ocrx_word' id='word_1_26' title='bbox 454 1266 549 1348; x_wconf 86' lang='lat' dir='ltr'>patet</span> <span class='ocrx_word' id='word_1_27' title='bbox 585 1284 643 1348; x_wconf 90' lang='lat' dir='ltr'>per</span> <span class='ocrx_word' id='word_1_28' title='bbox 680 1261 902 1342; x_wconf 65' lang='lat' dir='ltr'><strong>Aristotelem,</strong></span> <span class='ocrx_word' id='word_1_29' title='bbox 934 1267 969 1328; x_wconf 85' lang='lat' dir='ltr'>et</span> <span class='ocrx_word' id='word_1_30' title='bbox 1007 1261 1188 1338; x_wconf 77' lang='lat' dir='ltr'>Platonem,</span> <span class='ocrx_word' id='word_1_31' title='bbox 1219 1264 1255 1326; x_wconf 87' lang='lat' dir='ltr'>et</span> <span class='ocrx_word' id='word_1_32' title='bbox 1292 1259 1447 1336; x_wconf 87' lang='lat' dir='ltr'>Plinium,</span> <span class='ocrx_word' id='word_1_33' title='bbox 1474 1263 1509 1327; x_wconf 84' lang='lat' dir='ltr'>et</span> 
     </span>
     <span class='ocr_line' id='line_1_6' title="bbox 456 1362 1507 1450; baseline -0.001 -21"><span class='ocrx_word' id='word_1_34' title='bbox 456 1363 610 1443; x_wconf 87' lang='lat' dir='ltr'>Tullium,</span> <span class='ocrx_word' id='word_1_35' title='bbox 634 1369 668 1432; x_wconf 90' lang='lat' dir='ltr'>et</span> <span class='ocrx_word' id='word_1_36' title='bbox 690 1386 811 1430; x_wconf 86' lang='lat' dir='ltr'>omnes.</span> <span class='ocrx_word' id='word_1_37' title='bbox 857 1365 946 1431; x_wconf 89' lang='lat' dir='ltr'>Nam</span> <span class='ocrx_word' id='word_1_38' title='bbox 968 1366 1040 1430; x_wconf 87' lang='lat' dir='ltr'>haec</span> <span class='ocrx_word' id='word_1_39' title='bbox 1061 1364 1131 1430; x_wconf 88' lang='lat' dir='ltr'>sola</span> <span class='ocrx_word' id='word_1_40' title='bbox 1160 1362 1303 1450; x_wconf 77' lang='lat' dir='ltr'>imponit</span> <span class='ocrx_word' id='word_1_41' title='bbox 1331 1362 1507 1429; x_wconf 85' lang='lat' dir='ltr'>necessita·</span> 
     </span>
     <span class='ocr_line' id='line_1_7' title="bbox 455 1466 1507 1552; baseline -0.002 -20"><span class='ocrx_word' id='word_1_42' title='bbox 455 1471 524 1533; x_wconf 89' lang='lat' dir='ltr'>tem</span> <span class='ocrx_word' id='word_1_43' title='bbox 552 1466 656 1534; x_wconf 89' lang='lat' dir='ltr'>libero</span> <span class='ocrx_word' id='word_1_44' title='bbox 686 1466 832 1548; x_wconf 87' lang='lat' dir='ltr'>arbitrio,</span> <span class='ocrx_word' id='word_1_45' title='bbox 856 1473 890 1532; x_wconf 92' lang='lat' dir='ltr'>et</span> <span class='ocrx_word' id='word_1_46' title='bbox 922 1468 1017 1533; x_wconf 88' lang='lat' dir='ltr'>docet</span> <span class='ocrx_word' id='word_1_47' title='bbox 1048 1467 1215 1532; x_wconf 92' lang='lat' dir='ltr'>hominem</span> <span class='ocrx_word' id='word_1_48' title='bbox 1247 1466 1372 1552; x_wconf 84' lang='lat' dir='ltr'>fingere</span> <span class='ocrx_word' id='word_1_49' title='bbox 1401 1484 1507 1534; x_wconf 86' lang='lat' dir='ltr'>mores</span> 
     </span>
     <span class='ocr_line' id='line_1_8' title="bbox 456 1567 1509 1648; baseline -0.001 -14"><span class='ocrx_word' id='word_1_50' title='bbox 456 1590 531 1636; x_wconf 88' lang='lat' dir='ltr'>suos</span> <span class='ocrx_word' id='word_1_51' title='bbox 568 1570 605 1635; x_wconf 93' lang='lat' dir='ltr'>in</span> <span class='ocrx_word' id='word_1_52' title='bbox 642 1570 745 1648; x_wconf 89' lang='lat' dir='ltr'>coe]0;</span> <span class='ocrx_word' id='word_1_53' title='bbox 783 1574 817 1637; x_wconf 88' lang='lat' dir='ltr'>et</span> <span class='ocrx_word' id='word_1_54' title='bbox 849 1570 889 1636; x_wconf 89' lang='lat' dir='ltr'>de</span> <span class='ocrx_word' id='word_1_55' title='bbox 924 1571 1077 1636; x_wconf 83' lang='lat' dir='ltr'>omnibus</span> <span class='ocrx_word' id='word_1_56' title='bbox 1114 1569 1237 1634; x_wconf 88' lang='lat' dir='ltr'>nititur</span> <span class='ocrx_word' id='word_1_57' title='bbox 1271 1574 1396 1634; x_wconf 86' lang='lat' dir='ltr'>certum</span> <span class='ocrx_word' id='word_1_58' title='bbox 1431 1567 1509 1633; x_wconf 80' lang='lat' dir='ltr'>dare</span> 
     </span>
     <span class='ocr_line' id='line_1_9' title="bbox 455 1669 1508 1749; baseline -0.002 -11"><span class='ocrx_word' id='word_1_59' title='bbox 455 1671 634 1738; x_wconf 89' lang='lat' dir='ltr'>indicium:</span> <span class='ocrx_word' id='word_1_60' title='bbox 667 1677 700 1737; x_wconf 88' lang='lat' dir='ltr'>et</span> <span class='ocrx_word' id='word_1_61' title='bbox 726 1673 796 1749; x_wconf 86' lang='lat' dir='ltr'>haec</span> <span class='ocrx_word' id='word_1_62' title='bbox 827 1678 877 1738; x_wconf 89' lang='lat' dir='ltr'>est</span> <span class='ocrx_word' id='word_1_63' title='bbox 908 1673 1091 1740; x_wconf 69' lang='lat' dir='ltr'>maledicta.</span> <span class='ocrx_word' id='word_1_64' title='bbox 1139 1672 1184 1737; x_wconf 85' lang='lat' dir='ltr'>Et</span> <span class='ocrx_word' id='word_1_65' title='bbox 1219 1693 1332 1737; x_wconf 89' lang='lat' dir='ltr'>omnes</span> <span class='ocrx_word' id='word_1_66' title='bbox 1366 1669 1508 1736; x_wconf 88' lang='lat' dir='ltr'>auctori-</span> 
     </span>
     <span class='ocr_line' id='line_1_10' title="bbox 454 1771 1509 1861; baseline -0.002 -20"><span class='ocrx_word' id='word_1_67' title='bbox 454 1778 540 1841; x_wconf 85' lang='lat' dir='ltr'>tates</span> <span class='ocrx_word' id='word_1_68' title='bbox 562 1774 751 1861; x_wconf 74' lang='lat' dir='ltr'>Augustini,</span> <span class='ocrx_word' id='word_1_69' title='bbox 775 1781 809 1841; x_wconf 88' lang='lat' dir='ltr'>et</span> <span class='ocrx_word' id='word_1_70' title='bbox 832 1775 1040 1861; x_wconf 86' lang='lat' dir='ltr'>Hieronymi,</span> <span class='ocrx_word' id='word_1_71' title='bbox 1064 1780 1099 1842; x_wconf 91' lang='lat' dir='ltr'>et</span> <span class='ocrx_word' id='word_1_72' title='bbox 1120 1775 1268 1855; x_wconf 78' lang='lat' dir='ltr'>ariorum,</span> <span class='ocrx_word' id='word_1_73' title='bbox 1291 1775 1327 1839; x_wconf 90' lang='lat' dir='ltr'>in</span> <span class='ocrx_word' id='word_1_74' title='bbox 1350 1771 1509 1841; x_wconf 86' lang='lat' dir='ltr'>Homiliis</span> 
     </span>
     <span class='ocr_line' id='line_1_11' title="bbox 454 1875 1508 1964; baseline 0.003 -24"><span class='ocrx_word' id='word_1_75' title='bbox 454 1875 658 1964; x_wconf 83' lang='lat' dir='ltr'>Epiphaniae,</span> <span class='ocrx_word' id='word_1_76' title='bbox 682 1883 717 1944; x_wconf 89' lang='lat' dir='ltr'>et</span> <span class='ocrx_word' id='word_1_77' title='bbox 739 1877 827 1957; x_wconf 86' lang='lat' dir='ltr'>alibi,</span> <span class='ocrx_word' id='word_1_78' title='bbox 851 1878 983 1944; x_wconf 76' lang='lat' dir='ltr'>directae</span> <span class='ocrx_word' id='word_1_79' title='bbox 1023 1884 1102 1945; x_wconf 86' lang='lat' dir='ltr'>sunt</span> <span class='ocrx_word' id='word_1_80' title='bbox 1131 1883 1243 1945; x_wconf 86' lang='lat' dir='ltr'>contra</span> <span class='ocrx_word' id='word_1_81' title='bbox 1270 1898 1318 1956; x_wconf 89' lang='lat' dir='ltr'>ea,</span> <span class='ocrx_word' id='word_1_82' title='bbox 1341 1898 1415 1962; x_wconf 78' lang='lat' dir='ltr'>qum</span> <span class='ocrx_word' id='word_1_83' title='bbox 1437 1875 1508 1947; x_wconf 78' lang='lat' dir='ltr'>hasa</span> 
     </span>
     <span class='ocr_line' id='line_1_12' title="bbox 453 1977 1505 2058; baseline 0.002 -14"><span class='ocrx_word' id='word_1_84' title='bbox 453 2001 506 2045; x_wconf 85' lang='lat' dir='ltr'>ars</span> <span class='ocrx_word' id='word_1_85' title='bbox 544 1977 658 2047; x_wconf 84' lang='lat' dir='ltr'>docet¹</span> <span class='ocrx_word' id='word_1_86' title='bbox 706 1980 752 2046; x_wconf 87' lang='lat' dir='ltr'>Et</span> <span class='ocrx_word' id='word_1_87' title='bbox 781 1980 817 2045; x_wconf 92' lang='lat' dir='ltr'>in</span> <span class='ocrx_word' id='word_1_88' title='bbox 847 1981 938 2046; x_wconf 87' lang='lat' dir='ltr'>nullo</span> <span class='ocrx_word' id='word_1_89' title='bbox 976 1981 1221 2048; x_wconf 87' lang='lat' dir='ltr'>contrariantur</span> <span class='ocrx_word' id='word_1_90' title='bbox 1257 1977 1505 2058; x_wconf 81' lang='lat' dir='ltr'>mathematioae,</span> 
     </span>
     <span class='ocr_line' id='line_1_13' title="bbox 453 2080 1507 2170; baseline -0.002 -22"><span class='ocrx_word' id='word_1_91' title='bbox 453 2103 527 2167; x_wconf 80' lang='lat' dir='ltr'>quae</span> <span class='ocrx_word' id='word_1_92' title='bbox 549 2087 600 2149; x_wconf 85' lang='lat' dir='ltr'>ast</span> <span class='ocrx_word' id='word_1_93' title='bbox 622 2105 696 2170; x_wconf 89' lang='lat' dir='ltr'>pars</span> <span class='ocrx_word' id='word_1_94' title='bbox 718 2082 956 2169; x_wconf 83' lang='lat' dir='ltr'>philosophiae;</span> <span class='ocrx_word' id='word_1_95' title='bbox 979 2083 1071 2157; x_wconf 58' lang='lat' dir='ltr'>,siout</span> <span class='ocrx_word' id='word_1_96' title='bbox 1100 2081 1273 2149; x_wconf 81' lang='lat' dir='ltr'>manifesto</span> <span class='ocrx_word' id='word_1_97' title='bbox 1303 2080 1440 2149; x_wconf 82' lang='lat' dir='ltr'>ostendo</span> <span class='ocrx_word' id='word_1_98' title='bbox 1469 2080 1507 2146; x_wconf 88' lang='lat' dir='ltr'>in</span> 
     </span>
     <span class='ocr_line' id='line_1_14' title="bbox 453 2183 1506 2272; baseline 0 -22"><span class='ocrx_word' id='word_1_99' title='bbox 453 2184 514 2251; x_wconf 88' lang='lat' dir='ltr'>hoo</span> <span class='ocrx_word' id='word_1_100' title='bbox 536 2185 690 2272; x_wconf 87' lang='lat' dir='ltr'>capitulo.</span> <span class='ocrx_word' id='word_1_101' title='bbox 739 2185 785 2251; x_wconf 83' lang='lat' dir='ltr'>Et</span> <span class='ocrx_word' id='word_1_102' title='bbox 814 2186 843 2251; x_wconf 89' lang='lat' dir='ltr'>si</span> <span class='ocrx_word' id='word_1_103' title='bbox 873 2184 977 2251; x_wconf 84' lang='lat' dir='ltr'>vultis</span> <span class='ocrx_word' id='word_1_104' title='bbox 1011 2185 1173 2272; x_wconf 80' lang='lat' dir='ltr'>copiosius</span> <span class='ocrx_word' id='word_1_105' title='bbox 1207 2184 1329 2264; x_wconf 87' lang='lat' dir='ltr'>videre,</span> <span class='ocrx_word' id='word_1_106' title='bbox 1358 2183 1506 2269; x_wconf 81' lang='lat' dir='ltr'>jubeatis</span> 
     </span>
    </p>

    <p class='ocr_par' dir='ltr' id='par_1_4' title="bbox 310 2285 1508 3397">
     <span class='ocr_line' id='line_1_15' title="bbox 321 2285 1506 2372; baseline 0.003 -25"><span class='ocrx_word' id='word_1_107' title='bbox 321 2313 337 2347; x_wconf 83' lang='lat' dir='ltr'>n</span> <span class='ocrx_word' id='word_1_108' title='bbox 454 2286 601 2353; x_wconf 85' lang='lat' dir='ltr'>Joharmi</span> <span class='ocrx_word' id='word_1_109' title='bbox 623 2292 663 2353; x_wconf 88' lang='lat' dir='ltr'>ut</span> <span class='ocrx_word' id='word_1_110' title='bbox 684 2287 783 2354; x_wconf 75' lang='lat' dir='ltr'>faciat</span> <span class='ocrx_word' id='word_1_111' title='bbox 805 2286 903 2353; x_wconf 85' lang='lat' dir='ltr'>scribi</span> <span class='ocrx_word' id='word_1_112' title='bbox 930 2286 970 2355; x_wconf 88' lang='lat' dir='ltr'>dc</span> <span class='ocrx_word' id='word_1_113' title='bbox 999 2287 1088 2353; x_wconf 90' lang='lat' dir='ltr'>bona</span> <span class='ocrx_word' id='word_1_114' title='bbox 1109 2288 1207 2355; x_wconf 86' lang='lat' dir='ltr'>litora</span> <span class='ocrx_word' id='word_1_115' title='bbox 1229 2290 1408 2354; x_wconf 85' lang='lat' dir='ltr'>tractatum</span> <span class='ocrx_word' id='word_1_116' title='bbox 1438 2285 1506 2372; x_wconf 74' lang='lat' dir='ltr'>ple</span> 
     </span>
     <span class='ocr_line' id='line_1_16' title="bbox 310 2379 1507 2481; baseline -0.001 -26"><span class='ocrx_word' id='word_1_117' title='bbox 310 2379 325 2413; x_wconf 94' lang='lat'>⁰</span> <span class='ocrx_word' id='word_1_118' title='bbox 352 2381 383 2443; x_wconf 77' lang='lat'>·²</span> <span class='ocrx_word' id='word_1_119' title='bbox 413 2447 431 2481; x_wconf 85' lang='lat' dir='ltr'>n</span> <span class='ocrx_word' id='word_1_120' title='bbox 454 2389 587 2470; x_wconf 79' lang='lat' dir='ltr'>aionem,</span> <span class='ocrx_word' id='word_1_121' title='bbox 612 2411 708 2474; x_wconf 87' lang='lat' dir='ltr'>quem</span> <span class='ocrx_word' id='word_1_122' title='bbox 731 2389 840 2469; x_wconf 86' lang='lat' dir='ltr'>habet,</span> <span class='ocrx_word' id='word_1_123' title='bbox 863 2411 923 2476; x_wconf 91' lang='lat' dir='ltr'>pro</span> <span class='ocrx_word' id='word_1_124' title='bbox 945 2389 1049 2469; x_wconf 85' lang='lat' dir='ltr'>vobis,</span> <span class='ocrx_word' id='word_1_125' title='bbox 1072 2395 1113 2456; x_wconf 93' lang='lat' dir='ltr'>ut</span> <span class='ocrx_word' id='word_1_126' title='bbox 1134 2389 1276 2457; x_wconf 87' lang='lat' dir='ltr'>videatis</span> <span class='ocrx_word' id='word_1_127' title='bbox 1299 2388 1387 2475; x_wconf 91' lang='lat' dir='ltr'>quod</span> <span class='ocrx_word' id='word_1_128' title='bbox 1402 2387 1507 2474; x_wconf 69' lang='lat' dir='ltr'>philo</span> 
     </span>
     <span class='ocr_line' id='line_1_17' title="bbox 386 2490 1507 2578; baseline 0 -22"><span class='ocrx_word' id='word_1_129' title='bbox 386 2525 398 2536; x_wconf 96' lang='lat'><em>·</em></span> <span class='ocrx_word' id='word_1_130' title='bbox 453 2491 549 2577; x_wconf 89' lang='lat' dir='ltr'>sophi</span> <span class='ocrx_word' id='word_1_131' title='bbox 578 2496 656 2556; x_wconf 91' lang='lat' dir='ltr'>sunt</span> <span class='ocrx_word' id='word_1_132' title='bbox 686 2491 878 2556; x_wconf 87' lang='lat' dir='ltr'>sobriissimi</span> <span class='ocrx_word' id='word_1_133' title='bbox 904 2492 940 2555; x_wconf 84' lang='lat' dir='ltr'>in</span> <span class='ocrx_word' id='word_1_134' title='bbox 961 2492 1097 2578; x_wconf 90' lang='lat' dir='ltr'>judiciis</span> <span class='ocrx_word' id='word_1_135' title='bbox 1120 2492 1337 2570; x_wconf 79' lang='lat' dir='ltr'>astronomiae,</span> <span class='ocrx_word' id='word_1_136' title='bbox 1361 2494 1395 2556; x_wconf 89' lang='lat' dir='ltr'>et</span> <span class='ocrx_word' id='word_1_137' title='bbox 1419 2490 1507 2576; x_wconf 92' lang='lat' dir='ltr'>quod</span> 
     </span>
     <span class='ocr_line' id='line_1_18' title="bbox 453 2592 1505 2680; baseline 0.001 -22"><span class='ocrx_word' id='word_1_138' title='bbox 453 2593 490 2658; x_wconf 91' lang='lat' dir='ltr'>in</span> <span class='ocrx_word' id='word_1_139' title='bbox 516 2592 609 2658; x_wconf 81' lang='lat' dir='ltr'>nullo</span> <span class='ocrx_word' id='word_1_140' title='bbox 635 2598 848 2678; x_wconf 85' lang='lat' dir='ltr'>praesumunt,</span> <span class='ocrx_word' id='word_1_141' title='bbox 878 2615 939 2659; x_wconf 89' lang='lat' dir='ltr'>nec</span> <span class='ocrx_word' id='word_1_142' title='bbox 965 2600 1082 2660; x_wconf 85' lang='lat' dir='ltr'>errant.</span> <span class='ocrx_word' id='word_1_143' title='bbox 1138 2594 1184 2658; x_wconf 88' lang='lat' dir='ltr'>Et</span> <span class='ocrx_word' id='word_1_144' title='bbox 1209 2615 1268 2680; x_wconf 88' lang='lat' dir='ltr'>per</span> <span class='ocrx_word' id='word_1_145' title='bbox 1293 2593 1354 2659; x_wconf 91' lang='lat' dir='ltr'>hoo</span> <span class='ocrx_word' id='word_1_146' title='bbox 1379 2592 1505 2678; x_wconf 87' lang='lat' dir='ltr'>capitu·</span> 
     </span>
     <span class='ocr_line' id='line_1_19' title="bbox 453 2693 1505 2782; baseline 0.001 -22"><span class='ocrx_word' id='word_1_147' title='bbox 453 2693 523 2761; x_wconf 88' lang='lat' dir='ltr'>lum</span> <span class='ocrx_word' id='word_1_148' title='bbox 554 2695 805 2782; x_wconf 86' lang='lat' dir='ltr'>deprehendetis</span> <span class='ocrx_word' id='word_1_149' title='bbox 835 2693 929 2782; x_wconf 82' lang='lat' dir='ltr'>vulgi</span> <span class='ocrx_word' id='word_1_150' title='bbox 969 2696 1272 2782; x_wconf 84' lang='lat' dir='ltr'>philosophantium</span> <span class='ocrx_word' id='word_1_151' title='bbox 1308 2700 1343 2763; x_wconf 86' lang='lat' dir='ltr'>et</span> <span class='ocrx_word' id='word_1_152' title='bbox 1379 2694 1505 2767; x_wconf 84' lang='lat' dir='ltr'>theolo-</span> 
     </span>
     <span class='ocr_line' id='line_1_20' title="bbox 452 2797 1507 2884; baseline 0.006 -21"><span class='ocrx_word' id='word_1_153' title='bbox 452 2819 569 2884; x_wconf 80' lang='lat' dir='ltr'>gorum</span> <span class='ocrx_word' id='word_1_154' title='bbox 591 2797 770 2863; x_wconf 86' lang='lat' dir='ltr'>multorum</span> <span class='ocrx_word' id='word_1_155' title='bbox 792 2797 970 2864; x_wconf 86' lang='lat' dir='ltr'>stultitiam</span> <span class='ocrx_word' id='word_1_156' title='bbox 992 2797 1180 2877; x_wconf 83' lang='lat' dir='ltr'>infinitam3</span> <span class='ocrx_word' id='word_1_157' title='bbox 1204 2797 1283 2884; x_wconf 89' lang='lat' dir='ltr'>quia</span> <span class='ocrx_word' id='word_1_158' title='bbox 1304 2797 1395 2876; x_wconf 84' lang='lat' dir='ltr'>illud,</span> <span class='ocrx_word' id='word_1_159' title='bbox 1418 2798 1507 2882; x_wconf 86' lang='lat' dir='ltr'>quod</span> 
     </span>
     <span class='ocr_line' id='line_1_21' title="bbox 453 2899 1506 2988; baseline -0.001 -21"><span class='ocrx_word' id='word_1_160' title='bbox 453 2901 598 2967; x_wconf 85' lang='lat' dir='ltr'>maxime</span> <span class='ocrx_word' id='word_1_161' title='bbox 628 2900 719 2966; x_wconf 87' lang='lat' dir='ltr'>valet</span> <span class='ocrx_word' id='word_1_162' title='bbox 749 2901 806 2981; x_wconf 89' lang='lat' dir='ltr'>eis,</span> <span class='ocrx_word' id='word_1_163' title='bbox 823 2980 824 2983; x_wconf 8' lang='grc' dir='ltr'><strong>Ἴ</strong></span> <span class='ocrx_word' id='word_1_164' title='bbox 840 2903 894 2986; x_wconf 89' lang='lat' dir='ltr'>(ut</span> <span class='ocrx_word' id='word_1_165' title='bbox 933 2905 1028 2987; x_wconf 85' lang='lat' dir='ltr'>patet</span> <span class='ocrx_word' id='word_1_166' title='bbox 1058 2922 1101 2965; x_wconf 82' lang='lat' dir='ltr'>ex</span> <span class='ocrx_word' id='word_1_167' title='bbox 1133 2901 1231 2966; x_wconf 87' lang='lat' dir='ltr'>dictis</span> <span class='ocrx_word' id='word_1_168' title='bbox 1266 2906 1301 2966; x_wconf 88' lang='lat' dir='ltr'>et</span> <span class='ocrx_word' id='word_1_169' title='bbox 1334 2899 1506 2988; x_wconf 69' lang='lat' dir='ltr'>dicendis)</span> 
     </span>
     <span class='ocr_line' id='line_1_22' title="bbox 451 3001 1506 3090; baseline -0.001 -21"><span class='ocrx_word' id='word_1_170' title='bbox 451 3005 630 3090; x_wconf 85' lang='lat' dir='ltr'>reprobant</span> <span class='ocrx_word' id='word_1_171' title='bbox 642 3027 650 3084; x_wconf 91' lang='lat'>;</span> <span class='ocrx_word' id='word_1_172' title='bbox 695 3004 747 3069; x_wconf 74' lang='lat' dir='ltr'>et⁹</span> <span class='ocrx_word' id='word_1_173' title='bbox 773 3026 841 3070; x_wconf 90' lang='lat' dir='ltr'>non</span> <span class='ocrx_word' id='word_1_174' title='bbox 864 3003 970 3068; x_wconf 88' lang='lat' dir='ltr'>solum</span> <span class='ocrx_word' id='word_1_175' title='bbox 1000 3004 1036 3068; x_wconf 91' lang='lat' dir='ltr'>in</span> <span class='ocrx_word' id='word_1_176' title='bbox 1062 3004 1237 3068; x_wconf 85' lang='lat' dir='ltr'>veritatem</span> <span class='ocrx_word' id='word_1_177' title='bbox 1267 3001 1506 3089; x_wconf 82' lang='lat' dir='ltr'>blasphemant,</span> 
     </span>
     <span class='ocr_line' id='line_1_23' title="bbox 453 3105 1505 3193; baseline -0.002 -22"><span class='ocrx_word' id='word_1_178' title='bbox 453 3107 510 3171; x_wconf 86' lang='lat' dir='ltr'>sed</span> <span class='ocrx_word' id='word_1_179' title='bbox 541 3107 629 3191; x_wconf 91' lang='lat' dir='ltr'>quod</span> <span class='ocrx_word' id='word_1_180' title='bbox 659 3105 847 3193; x_wconf 89' lang='lat' dir='ltr'>reprobant,</span> <span class='ocrx_word' id='word_1_181' title='bbox 877 3105 1042 3191; x_wconf 81' lang='lat' dir='ltr'>ignorant,</span> <span class='ocrx_word' id='word_1_182' title='bbox 1073 3106 1270 3172; x_wconf 89' lang='lat' dir='ltr'>atmodum</span> <span class='ocrx_word' id='word_1_183' title='bbox 1299 3105 1505 3190; x_wconf 84' lang='lat' dir='ltr'>reprobandi,</span> 
     </span>
     <span class='ocr_line' id='line_1_24' title="bbox 452 3208 1508 3294; baseline 0.003 -20"><span class='ocrx_word' id='word_1_184' title='bbox 452 3215 493 3274; x_wconf 90' lang='lat' dir='ltr'>ut</span> <span class='ocrx_word' id='word_1_185' title='bbox 514 3209 632 3274; x_wconf 89' lang='lat' dir='ltr'>merito</span> <span class='ocrx_word' id='word_1_186' title='bbox 656 3208 699 3273; x_wconf 91' lang='lat' dir='ltr'>ab</span> <span class='ocrx_word' id='word_1_187' title='bbox 726 3209 817 3274; x_wconf 89' lang='lat' dir='ltr'>omni</span> <span class='ocrx_word' id='word_1_188' title='bbox 841 3209 987 3294; x_wconf 84' lang='lat' dir='ltr'>sapiente</span> <span class='ocrx_word' id='word_1_189' title='bbox 1019 3208 1238 3274; x_wconf 83' lang='lat' dir='ltr'>derideantur.</span> <span class='ocrx_word' id='word_1_190' title='bbox 1286 3208 1407 3273; x_wconf 91' lang='lat' dir='ltr'>Nullus</span> <span class='ocrx_word' id='word_1_191' title='bbox 1429 3229 1508 3278; x_wconf 81' lang='lat' dir='ltr'>vero</span> 
     </span>
     <span class='ocr_line' id='line_1_25' title="bbox 447 3310 1507 3397; baseline 0 -22"><span class='ocrx_word' id='word_1_192' title='bbox 447 3310 554 3396; x_wconf 86' lang='lat' dir='ltr'>judex</span> <span class='ocrx_word' id='word_1_193' title='bbox 583 3311 687 3376; x_wconf 86' lang='lat' dir='ltr'>habet</span> <span class='ocrx_word' id='word_1_194' title='bbox 715 3311 863 3396; x_wconf 91' lang='lat' dir='ltr'>judicare</span> <span class='ocrx_word' id='word_1_195' title='bbox 894 3333 1025 3376; x_wconf 87' lang='lat' dir='ltr'>causam</span> <span class='ocrx_word' id='word_1_196' title='bbox 1055 3333 1154 3397; x_wconf 89' lang='lat' dir='ltr'>quam</span> <span class='ocrx_word' id='word_1_197' title='bbox 1184 3312 1338 3397; x_wconf 80' lang='lat' dir='ltr'>ignorat3</span> <span class='ocrx_word' id='word_1_198' title='bbox 1370 3316 1404 3380; x_wconf 85' lang='lat' dir='ltr'>et</span> <span class='ocrx_word' id='word_1_199' title='bbox 1433 3311 1507 3378; x_wconf 90' lang='lat' dir='ltr'>ideo</span> 
     </span>
    </p>
   </div>
   <div class='ocr_carea' id='block_1_3' title="bbox 452 3413 1508 3581">
    <p class='ocr_par' dir='ltr' id='par_1_5' title="bbox 452 3413 1508 3581">
     <span class='ocr_line' id='line_1_26' title="bbox 452 3413 1508 3494; baseline 0.005 -17"><span class='ocrx_word' id='word_1_200' title='bbox 452 3413 487 3478; x_wconf 90' lang='lat' dir='ltr'>in</span> <span class='ocrx_word' id='word_1_201' title='bbox 523 3413 615 3478; x_wconf 92' lang='lat' dir='ltr'>nullo</span> <span class='ocrx_word' id='word_1_202' title='bbox 656 3418 707 3478; x_wconf 88' lang='lat' dir='ltr'>est</span> <span class='ocrx_word' id='word_1_203' title='bbox 743 3414 790 3479; x_wconf 88' lang='lat' dir='ltr'>eis</span> <span class='ocrx_word' id='word_1_204' title='bbox 828 3414 1035 3494; x_wconf 86' lang='lat' dir='ltr'>credendum,</span> <span class='ocrx_word' id='word_1_205' title='bbox 1063 3414 1164 3479; x_wconf 92' lang='lat' dir='ltr'>immo</span> <span class='ocrx_word' id='word_1_206' title='bbox 1202 3420 1280 3480; x_wconf 87' lang='lat' dir='ltr'>sunt</span> <span class='ocrx_word' id='word_1_207' title='bbox 1312 3413 1398 3479; x_wconf 87' lang='lat' dir='ltr'>sicut</span> <span class='ocrx_word' id='word_1_208' title='bbox 1423 3413 1508 3481; x_wconf 81' lang='lat' dir='ltr'>asini</span> 
     </span>
     <span class='ocr_line' id='line_1_27' title="bbox 452 3516 631 3581; baseline 0 -1"><span class='ocrx_word' id='word_1_209' title='bbox 452 3516 631 3581; x_wconf 82' lang='lat' dir='ltr'>deridendi.</span> 
     </span>
    </p>
   </div>
   <div class='ocr_carea' id='block_1_4' title="bbox 866 3826 1091 3892">
    <p class='ocr_par' dir='ltr' id='par_1_6' title="bbox 866 3826 1091 3892">
     <span class='ocr_line' id='line_1_28' title="bbox 866 3826 1091 3892; baseline -0.009 0"><span class='ocrx_word' id='word_1_210' title='bbox 866 3826 946 3892; x_wconf 77' lang='lat' dir='ltr'>OAP.</span> <span class='ocrx_word' id='word_1_211' title='bbox 970 3826 1091 3890; x_wconf 90' lang='lat' dir='ltr'>LXVI.</span> 
     </span>
    </p>
   </div>
   <div class='ocr_carea' id='block_1_5' title="bbox 284 4028 1510 4424">
    <p class='ocr_par' dir='ltr' id='par_1_7' title="bbox 284 4028 1510 4424">
     <span class='ocr_line' id='line_1_29' title="bbox 284 4028 1508 4117; baseline -0.002 -21"><span class='ocrx_word' id='word_1_212' title='bbox 284 4046 432 4100; x_wconf 74' lang='lat' dir='ltr'>lavarious</span> <span class='ocrx_word' id='word_1_213' title='bbox 498 4029 654 4095; x_wconf 82' lang='lat' dir='ltr'>Osmsso</span> <span class='ocrx_word' id='word_1_214' title='bbox 685 4031 774 4117; x_wconf 92' lang='lat' dir='ltr'>quod</span> <span class='ocrx_word' id='word_1_215' title='bbox 803 4031 1039 4096; x_wconf 87' lang='lat' dir='ltr'>mathematica</span> <span class='ocrx_word' id='word_1_216' title='bbox 1068 4034 1119 4095; x_wconf 87' lang='lat' dir='ltr'>est</span> <span class='ocrx_word' id='word_1_217' title='bbox 1148 4028 1330 4095; x_wconf 86' lang='lat' dir='ltr'>necessaria</span> <span class='ocrx_word' id='word_1_218' title='bbox 1355 4028 1508 4107; x_wconf 83' lang='lat' dir='ltr'>scientiis,</span> 
     </span>
     <span class='ocr_line' id='line_1_30' title="bbox 285 4129 1510 4219; baseline 0.002 -25"><span class='ocrx_word' id='word_1_219' title='bbox 285 4129 347 4164; x_wconf 68' lang='lat'>⁰⁸²⁸·</span> <span class='ocrx_word' id='word_1_220' title='bbox 453 4137 489 4195; x_wconf 90' lang='lat' dir='ltr'>et</span> <span class='ocrx_word' id='word_1_221' title='bbox 511 4132 609 4197; x_wconf 85' lang='lat' dir='ltr'>rebus</span> <span class='ocrx_word' id='word_1_222' title='bbox 631 4133 731 4218; x_wconf 85' lang='lat' dir='ltr'>hujus</span> <span class='ocrx_word' id='word_1_223' title='bbox 753 4133 880 4213; x_wconf 86' lang='lat' dir='ltr'>mundi,</span> <span class='ocrx_word' id='word_1_224' title='bbox 905 4139 940 4198; x_wconf 89' lang='lat' dir='ltr'>et</span> <span class='ocrx_word' id='word_1_225' title='bbox 964 4133 1145 4219; x_wconf 73' lang='lat' dir='ltr'>theologica,</span> <span class='ocrx_word' id='word_1_226' title='bbox 1170 4130 1338 4196; x_wconf 87' lang='lat' dir='ltr'>evacuatis</span> <span class='ocrx_word' id='word_1_227' title='bbox 1361 4130 1510 4217; x_wconf 73' lang='lat' dir='ltr'>blsaphe</span> 
     </span>
     <span class='ocr_line' id='line_1_31' title="bbox 453 4233 1509 4321; baseline 0.002 -26"><span class='ocrx_word' id='word_1_228' title='bbox 453 4233 528 4296; x_wconf 88' lang='lat' dir='ltr'>miis</span> <span class='ocrx_word' id='word_1_229' title='bbox 576 4236 753 4299; x_wconf 87' lang='lat' dir='ltr'>stultorum</span> <span class='ocrx_word' id='word_1_230' title='bbox 792 4236 849 4321; x_wconf 94' lang='lat' dir='ltr'>qui</span> <span class='ocrx_word' id='word_1_231' title='bbox 892 4234 1158 4300; x_wconf 85' lang='lat' dir='ltr'>mathematicam</span> <span class='ocrx_word' id='word_1_232' title='bbox 1207 4235 1371 4320; x_wconf 86' lang='lat' dir='ltr'>ignorant,</span> <span class='ocrx_word' id='word_1_233' title='bbox 1428 4238 1509 4298; x_wconf 85' lang='lat' dir='ltr'>tunc</span> 
     </span>
     <span class='ocr_line' id='line_1_32' title="bbox 454 4335 1509 4424; baseline 0 -24"><span class='ocrx_word' id='word_1_234' title='bbox 454 4335 660 4401; x_wconf 88' lang='lat' dir='ltr'>consideravi</span> <span class='ocrx_word' id='word_1_235' title='bbox 697 4338 964 4402; x_wconf 86' lang='lat' dir='ltr'>mathematicam</span> <span class='ocrx_word' id='word_1_236' title='bbox 1002 4343 1151 4424; x_wconf 85' lang='lat' dir='ltr'>respectu</span> <span class='ocrx_word' id='word_1_237' title='bbox 1193 4336 1335 4402; x_wconf 86' lang='lat' dir='ltr'>ecclesiae</span> <span class='ocrx_word' id='word_1_238' title='bbox 1373 4335 1437 4401; x_wconf 84' lang='lat' dir='ltr'>Dei</span> <span class='ocrx_word' id='word_1_239' title='bbox 1475 4339 1509 4401; x_wconf 89' lang='lat' dir='ltr'>et</span> 
     </span>
    </p>
   </div>
   <div class='ocr_carea' id='block_1_6' title="bbox 1336 4526 1499 4534">
    <p class='ocr_par' dir='ltr' id='par_1_8' title="bbox 1336 4526 1499 4534">
     <span class='ocr_line' id='line_1_33' title="bbox 1336 4526 1499 4534; baseline 0 0"><span class='ocrx_word' id='word_1_240' title='bbox 1336 4526 1499 4534; x_wconf 68' lang='lat'>--——--—-</span> 
     </span>
    </p>
   </div>
   <div class='ocr_carea' id='block_1_7' title="bbox 487 4651 1206 4720">
    <p class='ocr_par' dir='ltr' id='par_1_9' title="bbox 487 4651 1206 4720">
     <span class='ocr_line' id='line_1_34' title="bbox 487 4651 1206 4720; baseline 0.001 -15"><span class='ocrx_word' id='word_1_241' title='bbox 487 4651 724 4716; x_wconf 58' lang='lat' dir='ltr'>¹mwmm</span> <span class='ocrx_word' id='word_1_242' title='bbox 923 4653 927 4720; x_wconf 80' lang='grc' dir='ltr'>ι</span> <span class='ocrx_word' id='word_1_243' title='bbox 1041 4653 1206 4718; x_wconf 52' lang='lat' dir='ltr'>mmm</span> 
     </span>
    </p>
   </div>
   <div class='ocr_carea' id='block_1_8' title="bbox 0 0 1798 5640">
    <p class='ocr_par' dir='ltr' id='par_1_10' title="bbox 0 0 1798 5640">
     <span class='ocr_line' id='line_1_35' title="bbox 0 0 1798 5640; baseline 0 1"><span class='ocrx_word' id='word_1_244' title='bbox 0 0 1798 5640; x_wconf 95' lang='lat' dir='ltr'> </span> 
     </span>
    </p>
   </div>
  </div>
 </body>
</html>
