3586 5640
461 753 526 816 212
820 765 950 815 sooner
973 765 1119 816 sacoma
1422 746 1510 835 [car.

459 961 594 1028 vespere
618 945 652 1007 et
674 961 770 1006 mane
794 940 863 1006 dies
886 962 979 1007 unus.
1026 942 1113 1028 Ergo
1147 939 1208 1005 hoc
1241 961 1358 1027 vesper
1388 945 1422 1006 et
1452 940 1514 1007 hoc

459 1066 555 1110 mane
578 1048 656 1109 sunt
678 1048 788 1130 partes
811 1043 909 1108 unius
932 1044 997 1110 diei
1019 1043 1200 1123 naturalis3
1223 1048 1257 1108 et
1281 1065 1398 1130 vesper
1422 1044 1514 1131 prius

459 1147 602 1234 ponitur,
627 1152 661 1212 et
683 1147 758 1213 ideo
780 1147 937 1233 praecedit
960 1148 1048 1212 diem
1071 1147 1285 1212 artificialem.

292 1263 437 1315 'raesens-
505 1251 588 1316 Haec
625 1251 729 1337 igitar
766 1251 911 1336 quinque
948 1249 1110 1315 notabilia
1136 1249 1234 1315 solui
1271 1271 1390 1335 ponere
1427 1250 1512 1314 circa

289 1332 429 1449 ffissfflf
459 1359 589 1440 tempus
635 1352 875 1418 consideratum
920 1352 1099 1418 secundum
1155 1351 1226 1437 ejus
1281 1352 1511 1417 substantiam.

291 1453 343 1515 dar·
460 1457 558 1522 Nunc
582 1455 658 1522 volo
680 1460 816 1542 tangere
838 1478 885 1532 ea,
902 1476 977 1541 quae
999 1455 1113 1541 scripsi
1137 1455 1178 1519 dc
1201 1454 1407 1540 passionibus
1429 1459 1513 1520 tern-

459 1580 585 1646 porum.
631 1557 677 1623 Et
699 1579 780 1623 voco
803 1558 968 1644 passiones
992 1558 1044 1623 hio
1067 1558 1289 1643 primationes,
1312 1558 1509 1635 lunationes,

459 1666 493 1726 et
508 1661 725 1737 embolismos,
743 1664 778 1725 et
800 1659 1087 1746 hujusmodique
1110 1660 1146 1724 in
1169 1664 1325 1746 computo
1347 1666 1381 1726 et
1396 1660 1511 1725 kalen-

458 1764 550 1829 dario
573 1763 828 1829 considerantur.
874 1762 920 1827 Et
941 1761 995 1826 hic
1018 1763 1124 1826 oritur
1158 1783 1244 1827 unus
1267 1761 1308 1826 de
1330 1763 1511 1848 majoribus

456 1866 617 1933 fructibus
650 1865 867 1942 astronomia,
892 1865 949 1951 qui
980 1865 1130 1931 consistit
1152 1865 1188 1930 in
1210 1866 1453 1952 compositione,
1476 1870 1512 1931 ct

458 1970 664 2048 correctione,
689 1973 724 2034 et
746 1968 923 2048 intellectu,
947 1973 982 2033 et
1004 1988 1066 2033 usu
1088 1968 1273 2033 kalendarii
1296 1973 1331 2033 et
1353 1968 1509 2056 computi.

459 2072 505 2138 Et
527 2071 593 2138 duo
616 2071 841 2158 principaliter
873 2071 1071 2136 considerari
1108 2075 1267 2158 possunt:
1302 2093 1407 2137 unum
1437 2093 1511 2158 per·

458 2175 545 2240 tinet
568 2175 611 2239 ad
634 2174 867 2239 correctionem
904 2173 1099 2251 kalendarii,
1137 2173 1226 2258 quod
1271 2178 1322 2238 est
1366 2174 1510 2239 maxime

457 2277 641 2342 notandum
664 2281 739 2363 post
765 2275 998 2341 correctionem
1022 2275 1113 2341 Sacri
1135 2275 1272 2355 Textus,
1296 2282 1336 2341 ut
1357 2297 1416 2340 suo
1439 2276 1510 2342 loco

456 2377 595 2442 iuferius
633 2382 826 2466 exponetur.
888 2377 977 2442 Narn
1008 2377 1184 2443 horribiles
1216 2382 1251 2442 et
1272 2377 1353 2444 siles
1383 2400 1510 2444 errores

456 2485 535 2544 sunt
558 2478 631 2557 hic;
660 2479 741 2565 quia
763 2500 806 2544 ex
828 2479 1018 2566 ignorantia
1052 2480 1206 2566 computi,
1230 2481 1406 2546 secundam
1439 2480 1510 2546 vias

456 2581 675 2658 astronomia,
691 2582 894 2668 permittunt
909 2582 1041 2669 praelati
1064 2583 1149 2648 banc
1171 2584 1415 2670 corruptionem
1438 2605 1509 2673 reg-

456 2705 540 2750 nare.
588 2683 746 2764 Quamvis
784 2684 872 2749 enim
930 2686 1110 2751 astronomi
1151 2686 1228 2765 siut,
1269 2686 1332 2772 qui
1376 2692 1511 2773 possent

456 2786 643 2872 hujusmodi
665 2786 908 2873 corruptionem
931 2785 1086 2869 tollere3'
1111 2794 1225 2853 tamea
1249 2810 1317 2854 non
1332 2794 1412 2854 sunt
1426 2790 1508 2870 ausi,

453 2889 524 2955 sine
547 2889 747 2975 auctoritate
767 2890 888 2953 summi
919 2889 1093 2976 pontificis,
1117 2891 1296 2955 secuudum
1320 2891 1408 2977 quod
1431 2914 1509 2957 con·

455 2992 567 3058 cilium
589 2992 741 3079 generale
768 2991 941 3058 ordinavit.
987 2992 1053 3057 Sed
1077 2993 1117 3058 de
1140 2993 1201 3058 hoc
1231 2992 1369 3058 inferius
1381 3019 1389 3074 3
1420 3016 1509 3061 nunc

454 3117 522 3182 prm
556 3095 709 3160 manibus
743 3100 822 3160 sunt
856 3096 921 3159 alia
933 3119 941 3174 ;
972 3096 1060 3159 inter
1091 3118 1165 3180 quae
1198 3117 1264 3160 una
1289 3097 1330 3160 de
1353 3097 1508 3163 maximia

454 3197 705 3263 difficultatibus
727 3199 924 3275 continetur,
948 3203 983 3262 et
1004 3198 1157 3262 similiter
1179 3199 1268 3284 quod
1294 3220 1361 3263 non
1394 3201 1508 3265 termi-

454 3301 590 3365 nabitur
612 3301 676 3365 nisi
710 3322 768 3386 per
801 3301 963 3365 auxilium
997 3300 1121 3387 papale,
1146 3301 1225 3387 quia
1257 3322 1318 3366 nec
1347 3303 1506 3368 certifica·

284 3410 404 3462 Thesate
415 3413 445 3463 os
453 3403 545 3468 bitur
590 3403 721 3479 veritas,
761 3424 820 3468 nec
865 3402 993 3467 salsitas
1038 3403 1252 3482 excludetur;
1299 3409 1333 3468 et
1370 3410 1421 3469 est
1464 3406 1506 3470 de

282 3477 417 3596 ffiffli'
453 3505 606 3569 Passioue
630 3503 773 3569 Domini.
820 3505 876 3568 Ad
899 3506 960 3569 hoc
981 3526 1060 3569 vero
1082 3504 1343 3592 intelligendum,
1359 3511 1395 3570 et
1417 3528 1506 3592 quae-

453 3608 530 3673 dam
553 3608 627 3687 alia,
652 3630 726 3692 quae
748 3608 822 3672 volo
845 3607 898 3673 hio
920 3613 1064 3695 tangere,
1089 3612 1220 3693 oportet
1253 3629 1314 3672 nos
1337 3609 1505 3676 revolvere

451 3710 729 3776 considerationes
752 3710 970 3776 Hebraeorum
1005 3711 1041 3774 in
1075 3711 1309 3789 astronomicis,
1334 3712 1426 3777 etin
1458 3714 1506 3778 eis

450 3835 524 3898 quae
547 3813 589 3877 ad
612 3813 841 3877 kalendarium
865 3819 899 3877 et
921 3817 1121 3899 computum,
1146 3818 1281 3900 propter
1302 3814 1406 3901 legem
1440 3816 1504 3882 Dei

450 3917 623 3991 sciendam,
663 3916 882 4002 requiruntur.
938 3915 1026 3980 Nam
1058 3916 1136 3980 lieet
1173 3916 1208 3979 in
1233 3916 1350 4001 Majori
1374 3917 1505 4004 Operel

450 4019 545 4104 plura
582 4019 693 4105 scripsi
733 4018 773 4083 de
811 4018 873 4082 hac
910 4019 1057 4096 materia,
1089 4024 1202 4083 tamen
1236 4019 1347 4105 aliqua
1380 4021 1503 4087 certius

449 4127 594 4205 tangam,
618 4124 753 4207 propter
784 4121 952 4185 infinitam
985 4120 1224 4186 difficultatem.
1270 4123 1358 4189 Gens
1388 4128 1501 4189 autern

450 4220 668 4286 Hebraeorum
714 4223 933 4290 consideravit
971 4245 1098 4310 semper
1142 4229 1272 4311 ternpus
1306 4226 1427 4306 lunare,
1467 4232 1501 4293 et

463 4570 508 4698 fb·
505 4567 596 4636 tollere]
611 4572 721 4630 emedio,
730 4574 810 4624 added
822 4575 849 4624 in
861 4590 938 4642 marg.
1029 4575 1146 4642 'Opere]
1166 4593 1214 4628 om.
1228 4578 1258 4628 Τ.
1298 4578 1427 4644 SeeOpua
1439 4580 1496 4630 Ma-

446 4664 462 4699 ο
510 4686 514 4697 .
992 4655 1077 4721 1υε,ρ.
1095 4661 1149 4706 lau.
