3586 5640
496 790 562 855 324
873 799 1001 850 noonnr
1022 796 1169 849 nicoms

495 979 530 1039 et
552 973 830 1060 experimentalis,
846 977 880 1038 et
903 971 1061 1057 allrymia,
1077 971 1164 1038 sicut
1186 970 1227 1037 de
1248 968 1387 1056 singulis
1411 968 1565 1037 ostendo

495 1075 665 1162 proprium
688 1075 757 1140 sine
780 1074 1044 1139 contradictione.
1091 1073 1156 1138 Sed
1178 1077 1257 1162 sunt
1285 1071 1321 1135 in
1343 1092 1408 1136 usu
1439 1092 1565 1138 eorum

496 1179 641 1243 scientiae
664 1177 754 1252 viles,
779 1180 818 1240 ut
848 1176 1064 1261 grammatica
1087 1174 1292 1252 Latinorum,
1315 1172 1432 1261 logica,
1456 1185 1567 1241 natu-

495 1280 574 1344 ralis
596 1277 800 1364 philosophia
822 1277 1001 1342 secundum
1022 1298 1121 1340 unam
1144 1280 1272 1362 partem
1294 1273 1366 1360 ejus
1387 1273 1565 1353 viliorem,

496 1386 531 1445 et
553 1379 788 1466 metaphysicis
811 1378 962 1464 quaedam
984 1399 1068 1464 pars.
1115 1377 1158 1441 In
1179 1377 1232 1441 his
1253 1396 1321 1441 non
1351 1381 1402 1441 cst
1425 1375 1562 1443 bonum

497 1483 625 1556 animm,
641 1503 700 1546 nec
715 1480 866 1566 corporis,
882 1500 943 1544 nec
965 1478 1118 1558 fortunae,
1134 1477 1220 1542 sicut
1237 1477 1273 1542 in
1287 1476 1361 1542 aliis
1376 1477 1562 1563 praedictis

498 1583 585 1647 Nam
617 1582 749 1646 moralis
782 1579 985 1667 philosophia
1019 1579 1108 1645 elicit
1139 1579 1262 1644 bonum
1293 1577 1414 1644 animae
1438 1600 1564 1646 secun·

497 1684 576 1747 dum
607 1682 858 1769 possibilitatem
888 1680 1112 1768 philosophiae.
1159 1679 1321 1766 Alkymia
1349 1684 1401 1745 est
1424 1683 1564 1769 experi-

498 1783 657 1862 mentalis‚
674 1789 709 1849 et
731 1783 965 1848 mathematica
986 1787 1022 1847 et
1036 1781 1241 1868 perspectiva
1262 1781 1386 1847 bonum
1405 1784 1563 1869 corporis

498 1891 533 1950 et
557 1885 706 1951 fortunae.
737 1884 826 1949 Nam
853 1885 896 1949 ad
919 1904 1048 1949 omnem
1073 1882 1253 1948 sanitatem
1280 1886 1315 1948 et
1340 1886 1563 1970 propagatio·

498 2009 573 2052 nem
600 1987 680 2052 vitre
714 2007 773 2072 per
813 1990 939 2051 secreta
968 1989 1098 2050 naturai
1122 1983 1288 2049 sufficiunt
1310 1983 1364 2049 hae
1393 1984 1561 2068 amentias,

498 2093 534 2152 ct
565 2088 741 2174 perficiunt
762 2086 931 2152 scientiam
965 2086 1136 2151 medicinae
1159 2085 1315 2172 vulgatae,
1337 2091 1372 2151 et
1406 2086 1454 2151 ad
1481 2109 1562 2153 eain

499 2190 629 2254 addunt
651 2189 815 2253 utilitates
838 2208 1008 2274 corporum
1029 2187 1208 2267 maximas3
1230 2191 1271 2251 ut
1292 2186 1398 2251 omnis
1419 2188 1563 2274 sapiens

499 2291 540 2355 de
571 2289 658 2354 fircili
689 2290 847 2354 intuetur.
902 2288 953 2353 De
975 2289 1062 2353 bono
1084 2287 1227 2354 fortunar
1248 2308 1317 2353 non
1337 2292 1390 2353 est
1412 2288 1561 2356 dubium

500 2391 580 2477 quin
633 2390 759 2454 faciant
811 2395 946 2476 propter
994 2390 1175 2456 utilitatem
1229 2388 1417 2475 reipublicae
1475 2413 1564 2477 quas

499 2491 637 2575 assigno.
699 2489 924 2556 Grammatico
968 2512 1047 2557 vero
1084 2491 1271 2577 linguarum
1315 2490 1459 2557 alianrm
1498 2494 1564 2561 dat

501 2592 630 2656 Latinis
651 2592 848 2678 theologiam
872 2596 907 2657 et
936 2592 1093 2658 moralem
1114 2591 1361 2678 philosophiam.
1408 2591 1459 2657 Et
1482 2594 1564 2662 ideo

500 2694 623 2758 bonum
654 2693 773 2760 animae
806 2693 895 2759 elicit
917 2693 1140 2759 mediantibus
1170 2693 1231 2774 his,
1255 2693 1378 2759 bonurn
1409 2697 1562 2783 corporis

500 2817 579 2860 vero
616 2800 650 2860 et
686 2795 828 2861 lortunae
866 2817 924 2882 per
961 2795 1042 2859 alias
1079 2795 1242 2860 scientias.
1303 2794 1369 2861 Sed
1405 2796 1562 2865 scientim

501 2902 643 2983 quatuor
672 2897 828 2983 vulgatae,
857 2897 893 2961 in
925 2917 987 2961 usu
1017 2895 1252 2982 theologorum,
1276 2895 1404 2961 nullum
1426 2897 1561 2965 bonurn

501 3000 542 3064 ile
580 2999 686 3064 tribus
719 2998 884 3084 praedictis
917 3002 1054 3083 possunt
1088 3019 1130 3061 ex
1167 3019 1228 3061 sua
1264 2997 1391 3062 virtuts
1428 2998 1562 3068 elicere.

503 3100 568 3164 Sed
591 3101 695 3164 solum
718 3099 842 3164 habent
863 3098 987 3163 honum
1003 3098 1157 3162 scientim.
1203 3098 1249 3163 Et
1271 3098 1332 3163 hoc
1355 3103 1406 3164 est
1426 3099 1559 3167 bonum

502 3201 679 3264 secundum
712 3200 800 3284 quod
834 3199 914 3285 quid
948 3198 1032 3262 nihil
1066 3199 1156 3264 valet
1187 3199 1364 3265 secundum
1386 3221 1441 3279 se;
1475 3204 1561 3287 quia

502 3301 595 3362 valor
628 3301 770 3364 hominis
802 3306 852 3365 est
889 3302 925 3364 in
956 3300 1080 3386 triplici
1118 3300 1204 3365 bono
1238 3300 1334 3365 dicto.
1395 3300 1432 3366 Si
1463 3305 1558 3369 enim

503 3407 612 3464 careat
644 3400 695 3464 his
727 3402 834 3465 tribus
863 3401 988 3465 bonum
1018 3401 1163 3466 scientiae
1194 3401 1277 3465 nihil
1299 3401 1389 3467 valet
1410 3402 1450 3480 ei,
1476 3406 1560 3490 quia

504 3502 633 3567 amittit
655 3502 808 3580 animam,
833 3508 867 3567 et
890 3525 1012 3588 corpus,
1037 3508 1071 3568 ct
1094 3502 1180 3567 bona
1206 3503 1356 3580 fortunia,
1388 3525 1449 3590 per
1480 3528 1560 3592 qum

504 3604 540 3668 in
564 3604 624 3669 hoc
646 3605 718 3669 vita
740 3605 827 3668 bona
849 3604 969 3668 animm
992 3610 1025 3668 et
1049 3605 1190 3690 corporis
1212 3604 1464 3690 proveniuntur.

550 3708 679 3772 Deinde
710 3707 833 3772 bonum
865 3707 1009 3772 scientiae
1044 3707 1167 3770 inillis
1198 3707 1342 3773 scientiis
1369 3706 1561 3794 dequibus

506 3813 611 3874 tracto
642 3809 783 3874 estsine
810 3809 1053 3893 comparatione
1074 3809 1190 3872 melius
1220 3831 1319 3893 quam
1341 3808 1378 3872 in
1408 3810 1561 3876 scientiis

505 3911 658 3997 vulgatis,
683 3911 762 3995 quic
795 3915 875 3973 tunc
909 3915 958 3974 est
996 3911 1120 3974 bonum
1154 3909 1300 3974 scientiae
1336 3909 1420 3975 utile
1451 3934 1560 3995 quum

505 4019 555 4077 est
589 4013 777 4077 ordinatum
809 4011 845 4074 in
873 4013 990 4076 effectu
1024 4012 1068 4077 ad
1099 4011 1221 4075 honum
1244 4012 1394 4098 corporis,
1425 4012 1559 4094 animae,

505 4115 559 4179 vel
581 4114 730 4180 fortunae.
776 4113 842 4179 Sed
863 4112 899 4176 in
922 4113 1068 4178 scientiis
1090 4114 1131 4178 de
1154 4113 1273 4198 quibus
1303 4114 1407 4179 scribo
1429 4114 1560 4182 bonum

505 4216 651 4281 scientiae
685 4221 734 4281 est
766 4215 937 4280 actualiter
969 4219 1003 4279 et
1035 4214 1070 4278 in
1104 4215 1228 4280 effectis
1261 4215 1472 4301 conjunctum
1508 4218 1562 4285 illi

504 4315 591 4379 bono
629 4316 760 4401 triplici,
795 4316 874 4399 quia
911 4320 990 4381 srmt
1027 4321 1062 4380 et
1095 4320 1243 4381 tractant
1276 4317 1317 4382 ‹le
1351 4317 1417 4382 illis
1451 4318 1561 4387 bonis

506 4415 535 4479 Ο
567 4420 692 4499 quanta
729 4417 833 4502 igitur
863 4417 1030 4481 dementia
1067 4423 1117 4482 est
1154 4418 1320 4505 negligere
1356 4424 1426 4483 tum
1456 4420 1562 4487 utiles

506 4515 658 4581 scientias
680 4522 828 4602 respectu
850 4517 1032 4604 theologiae,
1049 4525 1083 4585 et
1104 4520 1255 4607 immergi
1278 4521 1423 4586 scientiis
1446 4524 1562 4590 vanis·

506 4617 597 4682 simis
620 4624 769 4705 respectu
791 4619 950 4683 istarum!
