3586 5640
308 812 422 901 xmu]
708 830 795 881 osus
817 831 977 884 marran
1317 824 1359 886 81

306 1003 407 1070 libros
444 1005 658 1091 philosophiae
692 1026 811 1070 omnes.
873 1005 918 1070 Et
947 1027 1016 1070 non
1052 1005 1157 1071 solum
1196 1008 1233 1072 in
1270 1030 1362 1076 sacra

307 1105 477 1192 Scriptum
506 1107 654 1173 fecerunt
684 1108 885 1172 mentionem
923 1109 964 1172 de
1002 1108 1143 1173 veritate
1183 1109 1270 1187 fidei,
1303 1113 1361 1178 sed

304 1208 341 1272 in
370 1208 438 1274 suis
468 1208 562 1274 libris
592 1209 835 1295 philosophicis,
858 1215 893 1275 et
915 1211 1225 1295 praenuntiaverunt
1248 1215 1361 1278 omnia

304 1317 381 1376 ante
397 1333 496 1397 quam
511 1310 696 1397 philosophi
718 1311 872 1392 fuerunt5
895 1317 929 1377 et
951 1312 994 1376 ah
1010 1312 1063 1376 his
1078 1317 1159 1378 tunc
1174 1313 1359 1401 philosophi

304 1411 492 1478 habuerunt
514 1434 645 1479 omnem
659 1413 865 1499 sapientiam,
881 1413 966 1478 sicut
981 1413 1191 1493 Aristoteles,
1206 1415 1359 1481 dominus

304 1514 580 1601 philosophorum,
623 1515 799 1580 confitetur
836 1515 872 1579 in
911 1514 995 1580 libro
1036 1515 1252 1582 Secretorum.
1313 1518 1360 1584 Et

304 1638 378 1681 cum
401 1617 453 1682 his
475 1617 579 1682 infero
602 1618 690 1702 quod
712 1616 867 1703 perfectio
898 1617 1112 1703 philosophiae
1136 1638 1203 1682 non
1232 1625 1282 1684 est
1306 1621 1359 1685 uti

306 1740 344 1783 ea
374 1720 552 1784 secundum
574 1719 645 1783 vias
668 1718 934 1805 philosophorum
957 1718 1149 1798 infidelium,
1178 1721 1236 1786 sed
1258 1721 1358 1787 debet

305 1820 426 1885 elevari
455 1821 498 1886 ad
526 1825 652 1886 statum
681 1820 764 1907 legis
795 1820 1002 1887 Christianae.
1050 1821 1096 1886 Et
1126 1822 1187 1887 hoe
1226 1829 1277 1888 est
1315 1823 1358 1888 ad

305 1922 512 2010 theologiam,
556 1928 591 1988 et
627 1922 803 2003 ecclesiam,
832 1927 866 1988 et
913 1923 1127 1989 directionem
1165 1925 1357 2011 reipublicae

304 2025 457 2103 fidelium,
482 2031 518 2091 et
540 2025 783 2091 conversionem
809 2024 1006 2104 infidelium,
1036 2030 1071 2090 et
1092 2026 1358 2112 reprobationem

306 2148 418 2192 eorum
442 2127 501 2212 qui
520 2147 588 2192 non
608 2131 746 2214 possunt
769 2127 916 2191 converti
927 2151 936 2207 ;
959 2132 994 2192 et
1016 2127 1102 2191 addo
1123 2128 1166 2192 ad
1188 2129 1383 2194 confirma·

304 2229 428 2294 tionem
465 2229 634 2315 sapientiae
672 2229 941 2315 philosophorum
979 2229 1187 2314 prophetiam
1222 2229 1361 2316 Sibyllae

307 2330 347 2394 de
374 2329 515 2409 Christo,
541 2335 576 2395 et
601 2330 642 2395 de
668 2329 810 2407 ecclesia,
834 2336 868 2394 et
892 2330 933 2395 de
959 2329 1032 2395 vita
1052 2329 1174 2395 futura
1220 2330 1308 2396 Nam
1330 2332 1360 2396 si

306 2459 374 2500 una
410 2436 601 2502 muliercula
636 2437 748 2523 potuit
784 2436 853 2502 haec
897 2457 918 2500 a
955 2435 1026 2500 Deo
1064 2437 1213 2523 recipere,
1251 2436 1359 2504 multo

307 2537 426 2602 fortius
462 2543 496 2604 et
524 2537 754 2604 rationabilius
792 2544 843 2603 est
880 2539 968 2624 quod
997 2538 1063 2604 viri
1100 2544 1171 2603 tam
1208 2539 1286 2605 boni
1325 2546 1359 2605 et

308 2647 377 2704 tam
403 2641 573 2727 sapientes,
604 2641 688 2706 sieut
711 2640 925 2727 Pythagoras,
954 2646 989 2706 et
1011 2639 1169 2719 Socrates,
1192 2646 1226 2706 et
1253 2642 1359 2721 Plato,

307 2749 342 2807 et
378 2742 582 2822 Aristotelea,
622 2748 657 2808 et
701 2742 759 2808 alii
804 2743 963 2808 zelatores
1000 2742 1137 2805 maximi
1182 2743 1359 2829 sapientire,

307 2848 499 2931 receperunt
542 2867 563 2910 a
608 2844 681 2910 Deo
729 2844 884 2931 speciales
927 2842 1195 2922 illuminationes,
1240 2845 1360 2928 quibus

224 2948 232 2959 “
307 2947 542 3012 intellexerunt
584 2945 692 3012 multa
736 2947 777 3012 de
815 2946 895 3023 Deo,
941 2950 976 3010 et
1013 2945 1119 3009 salute
1157 2943 1285 3021 animae,
1324 2951 1359 3010 et

307 3048 417 3114 forsan
454 3049 560 3136 magis
596 3053 730 3136 propter
759 3069 821 3114 nos
844 3047 1049 3115 Christianos
1079 3067 1178 3132 quam
1207 3046 1356 3132 propter¹

308 3172 420 3216 eorum
435 3151 584 3216 salutem.

353 3251 399 3318 Et
428 3252 476 3318 sic
504 3252 704 3319 terminatur
740 3274 817 3340 pars
846 3251 990 3318 secunda
1018 3251 1056 3317 in
1085 3273 1151 3338 qua
1180 3250 1358 3340 principale
1372 3261 1529 3314 nuwhdom

308 3353 512 3441 propositum
542 3358 593 3420 est
618 3354 798 3432 ostendere,
825 3353 914 3440 quod
937 3357 1011 3420 tota
1039 3353 1203 3441 sapientia
1231 3331 1488 3447 conclu-¹5'5u‘⁴,}‘}'‘·,'¹¹

307 3457 401 3521 ditur
437 3456 474 3521 in
503 3477 596 3522 saera
625 3456 803 3543 Scriptura,
835 3478 893 3544 per
917 3456 973 3542 jus
1002 3462 1115 3522 tamen
1145 3463 1180 3522 et
1216 3458 1358 3543 philoso
1372 3461 1530 3528 Holysscrip

308 3558 421 3645 phiam
444 3558 661 3645 explicanda;
694 3563 731 3623 ut
761 3558 847 3624 sicut
876 3558 914 3622 in
936 3580 1047 3645 pugno
1077 3559 1246 3644 colligitur
1272 3560 1360 3644 quod
1371 3529 1514 3645 ffiffi

307 3661 410 3726 latius
439 3661 476 3725 in
514 3661 627 3748 palma
666 3660 860 3747 explicatur,
894 3661 940 3725 sic
969 3664 1043 3725 tota
1072 3660 1236 3745 sapientia
1266 3660 1359 3726 utilis
1371 3662 1477 3740 ⁸¹¹⁶,ss-

309 3761 438 3828 homini
464 3764 658 3829 continetur
679 3763 717 3827 in
738 3763 839 3829 sacris
862 3761 995 3841 litteris,
1018 3761 1097 3825 licet
1119 3782 1186 3826 non
1209 3760 1360 3826 totaliter
1371 3727 1520 3843 ἓξὲξ

309 3864 515 3951 explicatum
552 3865 610 3930 sed
632 3865 703 3951 ejus
725 3863 901 3952 explicatio
924 3868 974 3928 eat
992 3863 1049 3949 jus
1071 3863 1262 3927 canonicum
1285 3859 1419 3938 eum¹⁸l¹
1431 3860 1480 3909 ⁸¹¹⁶

309 3965 527 4054 philosophia
574 3966 664 4032 Nam
688 3971 866 4052 utrumque
887 3965 977 4051 jacet
1002 3964 1039 4028 in
1057 3964 1236 4029 visceribus
1259 3925 1529 4031 sacraephssmphy'

307 4068 496 4155 Scriptmae,
520 4073 555 4134 et
579 4068 621 4135 de
637 4069 689 4134 his
709 4073 880 4147 eruuntur,
901 4072 936 4132 et
957 4087 1054 4154 super
1075 4065 1161 4132 hoc'
1179 4066 1364 4133 hmdantur

309 4171 421 4235 omnia
444 4192 519 4256 quae
545 4170 676 4236 utiliter
699 4171 858 4237 dicuntur
882 4170 920 4234 in
945 4169 1022 4256 jure
1048 4168 1204 4235 canonico
1230 4174 1265 4235 et
1290 4169 1362 4258 phi·

308 4271 463 4359 losophia
524 4272 570 4338 Et
598 4272 661 4338 hoc
689 4294 748 4360 per
769 4273 881 4360 plures
910 4270 1185 4337 considerationes
1214 4272 1364 4354 ostendo,

309 4395 391 4461 quas
419 4374 475 4440 hic
503 4396 572 4442 non
601 4396 738 4463 expono.
799 4374 888 4440 Nam
918 4374 956 4440 in
986 4395 1083 4440 sensu
1112 4373 1250 4440 litterali
1275 4375 1364 4461 jacet

309 4481 384 4542 tota
406 4474 623 4564 philosophiae
647 4481 802 4564 potestas,
827 4478 863 4542 in
885 4477 1025 4558 naturis,
1051 4481 1086 4543 et
1106 4477 1364 4565 proprietatibus

345 4733 476 4802 napa]
494 4748 544 4788 om.
561 4733 590 4787 a
834 4733 840 4803 ι
894 4732 972 4802 ua]
990 4731 1101 4793 asar.

1208 4838 1229 4889 r
