3294 5744
381 771 447 839 302
765 783 895 836 acaum
918 782 1066 834 mcours
1340 770 1434 858 [car.

381 965 528 1032 fidelium
550 962 594 1028 ad
615 961 833 1041 devotionem,
849 966 884 1028 et
898 962 958 1029 hoc
980 964 1124 1028 maxime
1145 967 1278 1051 propter
1292 965 1437 1052 pulchri-

381 1068 532 1135 tudinem
564 1066 733 1131 metricam
756 1071 791 1131 et
812 1065 1044 1152 rhythmicam,
1060 1087 1189 1132 necesse
1220 1071 1271 1132 est
1293 1069 1435 1136 eeclesias

382 1170 469 1258 quod
487 1170 556 1234 haec
579 1169 714 1234 scientia
737 1169 874 1234 metrica
896 1174 931 1236 et
945 1169 1134 1254 rhythmica
1151 1170 1282 1250 sciatur,
1299 1177 1436 1258 propter

381 1295 478 1339 usum
506 1272 655 1351 ecclesiae,
678 1276 718 1335 ut
740 1272 1000 1358 quandocunque
1033 1269 1288 1337 canonizantur¹
1318 1276 1432 1354 sancti,

287 1440 290 1446 .
381 1376 435 1442 vel
457 1374 599 1440 ecclesiae
626 1373 851 1453 dedicantur,2
882 1376 934 1440 vel
966 1375 1039 1440 aliae
1068 1375 1291 1440 solemnitates
1325 1381 1432 1441 statu-

381 1476 504 1556 antur,³
526 1499 599 1563 quae
620 1477 662 1540 ob
677 1477 848 1563 specialem
870 1478 1078 1544 devotionem
1099 1479 1271 1563 requirunt
1293 1480 1434 1564 hymnos

380 1581 527 1671 proprios
549 1585 583 1644 et
605 1573 777 1665 rhythmos
799 1580 835 1643 in
858 1578 961 1645 officio
984 1580 1106 1659 divine,
1132 1586 1280 1647 occurrat
1309 1583 1431 1648 devota

381 1683 500 1751 ancilla
544 1683 694 1761 ecclesiae,
732 1705 806 1768 quae
843 1682 967 1751 musica
1013 1683 1143 1763 dicittu,
1182 1688 1222 1753 ut
1259 1686 1290 1750 ei
1327 1686 1430 1773 possit

381 1785 548 1877 aptissime
571 1785 744 1852 deservire.

425 1889 464 1957 Si
501 1910 579 1955 vero
618 1889 747 1956 dicatur
779 1888 887 1977 quod⁴
926 1889 995 1956 sine
1027 1890 1160 1957 musicae
1198 1889 1325 1957 ratione
1357 1889 1429 1958 haec

380 1993 473 2072 fiant,
502 1998 537 2060 et
574 1993 646 2059 ficri
676 1993 812 2081 possint,
846 1998 885 2059 ut
918 1993 1133 2081 grammatica
1166 1992 1313 2070 sufficiat,
1337 1998 1430 2081 patet

381 2097 469 2184 quod
512 2118 587 2174 non,
623 2119 681 2184 por
714 2097 880 2185 praedicta,
921 2097 1076 2183 quoniam
1109 2097 1225 2162 musici
1270 2102 1320 2162 cst
1351 2096 1428 2162 dare

380 2223 493 2266 causas
515 2204 550 2267 et
577 2201 720 2265 rationes
747 2199 872 2279 horum,
902 2206 941 2264 ut
968 2199 1115 2286 legitime
1145 2200 1230 2265 fiant
1251 2200 1429 2266 secundum

281 2294 284 2301 ’
380 2309 485 2370 artem
530 2303 700 2368 metricam
746 2308 782 2368 et
826 2301 1055 2388 rhythmicam.
1106 2302 1172 2369 Sed
1216 2303 1430 2391 grammatica

380 2411 430 2472 est
456 2405 644 2471 mechanica
674 2406 711 2470 in
740 2405 801 2470 hac
831 2409 933 2493 parte,
957 2405 1073 2471 horum
1096 2427 1208 2471 causas
1231 2410 1265 2471 et
1286 2407 1430 2471 rationes

380 2511 544 2597 ignorans.
592 2507 645 2572 Ex
677 2529 741 2592 quo
773 2509 922 2593 sequitur
959 2510 1046 2594 quod
1092 2509 1276 2594 quicunque
1321 2505 1430 2574 facit⁶

381 2610 561 2678 secundum
597 2615 711 2689 artem,
743 2610 847 2675 sciens
887 2633 999 2676 causas
1037 2616 1071 2676 ct
1101 2611 1244 2699 rationes
1282 2612 1429 2689 istorum,

381 2718 511 2802 oportet
541 2735 617 2780 eum
648 2735 716 2779 esse
746 2714 915 2795 musicum,
939 2715 1017 2780 licet
1046 2713 1107 2780 hoc
1136 2715 1256 2802 vulgus
1292 2715 1429 2801 ignoret

380 2816 427 2882 Et
454 2817 482 2882 si
512 2817 642 2883 dicatur
672 2816 760 2901 quod
790 2838 858 2881 non
881 2816 1029 2903 exigitur
1062 2838 1181 2902 magna
1214 2839 1267 2881 ars
1294 2816 1427 2895 adhoc,

380 2920 457 3006 quia
484 2919 632 2987 homines
666 2919 708 2984 de
735 2919 823 2985 facili
850 2918 975 2985 facium
1010 2920 1090 2985 talia
1124 2919 1159 2983 in
1191 2918 1305 2984 officiis
1338 2941 1429 2984 sanc-

379 3029 498 3106 torum,
522 3029 557 3089 et
586 3023 667 3104 aliis,
692 3022 823 3108 quando
860 3021 1004 3104 volunt,⁰
1034 3021 1208 3088 dicendum
1238 3020 1311 3088 est⁷
1342 3023 1429 3108 quod

379 3126 463 3190 nihil
500 3127 627 3191 faciunt
665 3125 842 3191 secundum
879 3128 993 3205 artem,
1031 3147 1091 3191 nec
1128 3125 1307 3190 secundum
1344 3126 1431 3190 vori-

211 3230 311 3284 autho
379 3232 497 3308 tatem,
520 3230 577 3293 sed
600 3232 650 3293 est
635 3227 792 3293 tdcrisio
816 3225 912 3292 officii
943 3227 1055 3292 divini.
1113 3227 1201 3292 Nam
1233 3228 1387 3314 quicquid
1409 3251 1429 3292 a

210 3299 342 3419 {ffihfor
379 3330 521 3416 triginta
543 3330 639 3394 annis
667 3329 791 3394 factum
821 3334 879 3408 est,
908 3334 958 3394 est
981 3333 1095 3394 contra
1122 3336 1227 3395 artem
1255 3336 1289 3395 et
1316 3335 1430 3396 contra

210 3434 313 3485 thelon
379 3433 576 3499 veritatem:
612 3432 691 3518 quia
728 3434 958 3518 compositores
996 3431 1184 3518 hujusmodi
1224 3454 1284 3498 nec
1321 3435 1429 3498 sciunt

209 3501 366 3635 mam
380 3536 499 3624 quibus
537 3535 677 3622 pedibus
716 3535 914 3600 debentt
875 3536 934 3611 uti,
974 3556 1034 3599 nec
1071 3540 1152 3620 quot
1188 3535 1334 3621 pedibus,
1370 3558 1429 3602 nec

210 3637 411 3756 fulmen·
379 3661 445 3726 quo
467 3660 584 3727 genere
606 3638 713 3716 metri,
737 3660 797 3703 nec
827 3637 969 3723 qualiter
991 3641 1186 3723 componant
1187 3659 1227 3702 ur
1252 3639 1429 3704 secundum

219 3717 248 3752 Τ
378 3742 451 3808 vias
487 3741 592 3821 artis3
624 3740 691 3821 sed,
723 3740 766 3804 ad
799 3739 949 3826 exempla
986 3740 1123 3804 aliorum
1154 3740 1361 3826 hymnorum,
1395 3746 1429 3807 et

377 3843 566 3930 hujusmodi
594 3843 639 3908 sic
667 3841 837 3922 factorum,
862 3846 1056 3928 computant
1078 3842 1219 3929 syllabas
1248 3843 1429 3924 casualiter,

377 3944 467 4013 non⁸
498 3946 710 4012 observantes
746 3945 851 4031 legem
883 3944 981 4009 metri
1026 3946 1062 4009 in
1106 3945 1224 4030 aliquo.
1276 3944 1322 4010 Et
1355 3945 1428 4012 idco

378 4049 495 4117 derisio
534 4054 584 4114 est
629 4048 682 4113 hic
725 4068 833 4113 coram
866 4046 947 4127 Deo,
977 4052 1012 4113 et
1057 4047 1182 4134 angelis
1226 4048 1355 4127 sanctis,
1394 4054 1429 4114 et

410 4349 618 4416 'camaizaaturJ
632 4348 859 4407 canonicentur,B.
900 4364 902 4371 ’
960 4349 1056 4415 ⁵sacr't]
1069 4348 1172 4409 faciens,
1184 4348 1215 4400 Τ.

409 4427 586 4494 ²dediscatur]
604 4429 760 4489 dedicentur,
773 4430 803 4480 B.
958 4426 1406 4496 ⁰etaliisr,1puuu10volarat]om.'l'.

409 4508 579 4572 'mcum
599 4514 745 4572 statuentur,
758 4510 787 4559 B.
959 4509 1029 4574 ἐπ]
1043 4524 1092 4559 om.
1107 4510 1137 4559 Τ.

410 4588 419 4616 ⁴
430 4586 506 4652 quod]
526 4602 574 4636 om.
587 4588 617 4639 T.
959 4588 1039 4652 larare]
1059 4596 1084 4637 ct
1095 4603 1154 4643 non.
1166 4587 1196 4636 B.
