3586 5640
292 754 401 845 ιιι]
702 772 791 823 orus
813 774 973 826 nannum
1055 804 1064 810 -
1320 768 1362 834 69

308 942 390 1008 dum
421 942 572 1010 ordinem
593 942 699 1010 nostri
720 943 920 1024 intellectus,
944 951 985 1012 ut
1006 946 1162 1035 incipiam
1183 972 1204 1014 a
1226 949 1362 1018 minori-

308 1045 372 1112 bus
393 1067 468 1133 quae
490 1044 597 1132 magis
629 1047 811 1113 necessaria
843 1055 923 1116 eunt
953 1052 1133 1116 secundum
1168 1054 1362 1139 apostolum,

309 1151 344 1213 et
365 1147 470 1235 magis
492 1148 599 1226 utilis
626 1148 705 1215 lieet
735 1170 803 1214 non
837 1155 908 1217 tam
942 1151 1037 1217 bona
1085 1152 1172 1233 Quia
1193 1155 1285 1221 aliud
1311 1163 1362 1224 est

308 1249 400 1327 utile,
423 1249 517 1317 eliud
536 1249 662 1317 honum
684 1251 843 1319 absolute.
889 1252 977 1335 Quia
1008 1254 1089 1321 utile
1121 1262 1173 1323 est
1203 1258 1291 1343 quod
1316 1260 1361 1326 ed

308 1350 401 1417 alind
418 1351 599 1431 ordinatur,
618 1357 659 1418 ut
681 1374 721 1419 ee
743 1374 817 1439 quae
832 1360 913 1421 sunt
933 1355 977 1421 ud
996 1356 1096 1422 finem
1112 1365 1261 1445 respectu
1276 1360 1360 1428 finis

307 1452 356 1519 Et
369 1453 440 1520 htee
457 1457 537 1520 sunt
556 1452 686 1520 minore
709 1462 860 1542 respectu
884 1456 1054 1544 majorum.
1101 1457 1232 1525 Bonum
1247 1468 1361 1530 autem

309 1555 497 1622 absolutum
531 1577 600 1622 non
633 1560 685 1622 est
712 1557 778 1622 nisi
806 1557 844 1624 in
873 1559 949 1638 line,
989 1565 1024 1626 et
1054 1560 1160 1648 majus
1197 1569 1248 1629 est
1285 1564 1362 1631 finis

306 1679 436 1744 semper
463 1663 616 1745 respectu
643 1657 805 1725 minoris¹
854 1660 901 1726 Et
922 1660 1001 1749 quia
1026 1683 1087 1729 nee
1117 1685 1287 1750 possumus
1309 1667 1362 1732 in·

308 1759 456 1847 telligere
477 1781 538 1826 nee
560 1759 680 1826 habere
702 1759 829 1847 majore
852 1763 923 1830 sine
947 1762 1131 1832 minoribus
1156 1765 1232 1834 ideo
1254 1768 1361 1857 primo

308 1862 416 1929 dicem
438 1862 480 1930 de
502 1861 691 1929 minoribus

725 2171 804 2239 Oen.
828 2170 943 2239 XXII.

354 2345 524 2412 connum
547 2365 625 2410 vero
651 2345 740 2433 quod
762 2343 949 2411 intellectus
971 2343 1135 2411 humanus
1152 2342 1255 2411 habet
1269 2349 1498 2435 mag-Theaua

307 2447 405 2513 nam⁹
431 2446 698 2514 debilitationem
725 2469 765 2514 ex
791 2468 833 2524 se,
872 2452 912 2514 ut
940 2447 1082 2535 quilibet
1111 2448 1292 2535 experitur,
1326 2418 1499 2537 eeffl‘

307 2549 414 2617 saneti
446 2555 481 2616 et
503 2548 691 2638 philosophi
728 2553 979 2617 contestentur:
1012 2572 1090 2616 nem
1115 2571 1256 2639 eaquae
1282 2551 1518 2617 menese·

307 2651 463 2719 mnximse
487 2652 686 2740 cognitionis
712 2652 891 2718 seeundum
918 2673 963 2733 se,
979 2656 1058 2719 sunt
1080 2651 1227 2720 minimae
1250 2617 1464 2751 cogni-Q„

207 2783 209 2786 >
307 2753 408 2821 tionis
429 2754 540 2842 quoad
561 2775 631 2834 nos,
655 2751 707 2819 ει8
734 2776 752 2819 e
778 2774 958 2835 oonvem03
980 2759 1020 2818 ut
1040 2753 1254 2841 philosophus
1279 2755 1362 2822 dicit

305 2857 447 2944 septimo
462 2856 725 2943 Metsphysioae.⁴
768 2856 816 2921 Et
830 2854 905 2920 ideo
919 2853 1040 2920 sufficit
1050 2855 1233 2920 intellectui
1247 2861 1361 2922 nostro

308 2979 369 3024 sua
394 2958 529 3046 propria
552 2957 741 3038 infirmitas,
766 2961 897 3022 utnon
924 2956 1039 3022 demus
1065 2955 1096 3021 ei
1120 2954 1301 3021 ooossiones
1325 2961 1361 3022 et

307 3082 421 3127 sauses
445 3060 569 3126 erroris
627 3059 673 3126 Et
696 3060 771 3126 ideo
797 3057 889 3124 volui
919 3056 1090 3123 excludere
1123 3077 1270 3122 errorum
1299 3057 1362 3123 hu·

308 3184 481 3229 manorum
504 3160 641 3240 causas,5
656 3160 735 3247 quia
759 3161 838 3226 dum
863 3160 916 3227 hae
940 3158 1064 3226 durant
1086 3157 1123 3223 in
1148 3158 1244 3225 eorde
1266 3159 1359 3226 hom·

308 3266 373 3332 inis
390 3264 592 3353 impossibile
615 3269 666 3329 est
687 3263 796 3350 ipsum
818 3263 930 3329 videre
952 3263 1136 3329 veritatem.

353 3367 504 3451 Qnatuor
519 3389 597 3434 vero
619 3371 699 3431 sunt
721 3388 827 3433 causes
849 3366 1014 3455 genemles
1036 3365 1184 3432 omnium
1198 3365 1360 3432 melorum
1373 3371 1527 3426 Thasum

306 3477 503 3551 nostrorum,
530 3474 566 3535 et
589 3490 719 3535 omnem
742 3473 867 3535 statum
892 3491 913 3534 a
935 3468 1095 3556 principio
1115 3469 1232 3534 mundi
1253 3438 1527 3558 eorrussffi,

305 3579 434 3661 per-unt,
458 3579 493 3640 et
515 3594 646 3638 omnem
669 3570 842 3654 hominem}
863 3576 1154 3657 quantumcunque
1180 3571 1432 3657 sapientemrou

308 3677 441 3762 (praeter
466 3675 649 3741 Dominum
674 3678 823 3738 nostrum
838 3672 955 3738 Jesum
972 3671 1140 3738 Christum
1163 3676 1198 3736 et
1223 3671 1362 3736 Beatam

307 3775 496 3866 Virginem)
533 3776 711 3862 aliquando
748 3780 843 3840 extra
879 3772 970 3837 viam
1007 3776 1138 3850 restam,
1177 3771 1231 3836 vel
1265 3776 1362 3838 extre

306 3878 460 3946 ultimam
493 3873 743 3967 perfectionem⁶
780 3877 957 3963 coegerunt
993 3872 1160 3938 declinere.
1207 3872 1253 3938 Et
1281 3879 1361 3941 sunt

303 3981 433 4069 fragilis
454 3977 662 4048 auctoritatis
691 3977 849 4066 exempla,
874 3973 1119 4044 eonsuetudinis
1148 3974 1359 4057 diuturnitas,

307 4088 343 4151 et
381 4105 495 4151 sensus
532 4080 758 4149 multitudinis
803 4078 973 4168 imperite,
1011 4082 1111 4164 atque
1147 4080 1360 4167 presumptio

260 4198 264 4207 ⁴
306 4185 461 4254 humanae
500 4183 629 4265 mentis,
669 4205 734 4272 qua
763 4182 903 4271 quilibet
934 4180 1055 4247 nititur
1085 4201 1153 4248 suae
1185 4180 1359 4269 imperitiae

342 4453 474 4522 1ιιιίιιονὶι]
492 4453 628 4515 minorum,
644 4454 676 4508 T.
892 4454 1018 4502 'errem
1056 4449 1211 4504 immun
1254 4451 1358 4520 mesae]

342 4534 488 4602 Ἥρωι]
506 4549 556 4587 om.
574 4533 606 4588 Τ.
859 4546 946 4584 esum
962 4545 1075 4583 errorum
1089 4531 1266 4597 hunenornm,
1282 4532 1314 4584 T.

344 4611 399 4678 ἀ]
416 4629 467 4666 om.
484 4613 516 4666 T.
892 4612 903 4642 ⁰
909 4611 1096 4680 perfectionem]
1119 4612 1297 4681 Mothonem
1313 4611 1360 4665 eli·

310 4717 313 4722 ·
342 4690 554 4763 fudoptyeicoe]
574 4692 608 4746 vi.
619 4699 643 4745 4.
697 4741 699 4745 ,
859 4692 968 4759 quenda,
984 4688 1015 4743 T.
