3586 5640
304 762 398 850 vnn]
638 779 871 831 coarmmuu
892 779 1018 830 sinon.
1291 767 1356 830 481

305 955 572 1040 “generationes
602 954 677 1020 ooeli
707 959 741 1019 et
767 960 863 1020 terrae
895 956 1026 1040 quando
1056 959 1173 1020 creatae
1211 960 1291 1020 sunt
1322 956 1355 1020 in

304 1055 398 1121 “die
422 1078 488 1142 qua
518 1056 597 1121 feeit
630 1055 793 1120 Dominus
825 1057 916 1120 Deus
948 1056 1068 1122 eoelum
1100 1061 1135 1122 et
1169 1060 1299 1133 terram,
1325 1063 1360 1122 et

305 1164 442 1223 “omne
480 1157 664 1244 virgultum
694 1158 772 1244 agri,
808 1163 986 1243 antequam
1018 1159 1161 1223 oriretur
1193 1158 1230 1221 in
1263 1164 1359 1236 terra,

303 1266 320 1292 “
344 1280 537 1344 omnemque
575 1258 712 1324 herbam
737 1259 882 1345 regionis
912 1260 1103 1346 priusquam
1130 1259 1360 1346 germinaret.''

305 1359 427 1446 Magna
449 1359 625 1425 difficultas
652 1365 703 1426 est
729 1360 792 1441 hio,
814 1383 858 1425 an
880 1362 942 1426 sub
965 1384 1032 1427 uno
1055 1383 1153 1427 versu
1185 1383 1228 1425 an
1257 1361 1359 1448 pluri·

303 1461 365 1525 bus
388 1461 506 1526 debeat
537 1461 684 1548 proferri.
732 1461 774 1527 In
806 1461 951 1529 Hebraeo
981 1464 1114 1550 quidem
1148 1463 1359 1528 manifestum

303 1567 354 1627 est
377 1562 465 1648 quod
487 1569 566 1629 sunt
589 1561 654 1629 duo
684 1585 807 1642 versus,
825 1564 928 1650 juxta
949 1566 1184 1652 proprietatem
1208 1564 1361 1630 Hebraeae

304 1665 524 1730 distinotionis
555 1671 589 1731 et
619 1665 859 1732 verificationis.
916 1667 1005 1732 Nam
1043 1667 1206 1733 Hebraeus
1244 1667 1362 1752 incipit

303 1788 424 1832 novam
447 1768 645 1834 sententiam
668 1769 725 1850 ibi,
748 1775 779 1835 et
800 1789 898 1834 ornae
920 1768 1116 1855 virgultum
1137 1767 1224 1853 opat,
1250 1768 1361 1833 disens

305 1869 348 1933 ad
385 1869 540 1935 literam:
580 1876 615 1943 et
654 1892 750 1936 omne
786 1871 970 1957 virgultum
1008 1871 1157 1936 nondum
1189 1871 1292 1935 fiebat
1324 1871 1361 1934 in

303 1976 400 2050 terra,
431 1977 465 2037 et
507 1972 614 2037 omnis
648 1971 750 2036 herba
782 1973 926 2058 regionis
959 1972 1108 2037 nondum
1139 1972 1361 2059 germinavit3

304 2073 427 2138 seilicet
449 2074 581 2158 quando
604 2073 706 2138 creati
732 2079 811 2138 sunt
832 2074 907 2139 ooeli
935 2079 970 2139 et
1001 2079 1090 2140 terra
1120 2073 1157 2137 in
1188 2073 1360 2160 principio,

304 2174 484 2239 seeundum
518 2175 607 2260 quod
638 2173 761 2240 dieitur
800 2182 818 2210 “
832 2175 869 2239 in
906 2175 1068 2261 principio
1106 2175 1232 2240 creavit
1270 2175 1380 2240 Deus.

306 2284 324 2310 “
346 2276 466 2341 coelum
495 2281 531 2341 et
560 2274 711 2341 terram.¹’
770 2276 928 2342 Nondum
966 2277 1054 2342 enim
1091 2276 1253 2363 producta
1282 2282 1363 2342 sunt

305 2377 452 2464 virgulta
482 2400 543 2444 neo
580 2377 688 2444 herbae
720 2378 760 2444 de
787 2383 884 2456 terra,
915 2378 974 2445 sed
1007 2378 1044 2443 in
1078 2379 1179 2443 tertia
1216 2379 1278 2444 die.
1323 2377 1361 2443 Si

305 2501 383 2544 vero
417 2481 453 2544 in
485 2479 606 2546 Latino
640 2485 725 2546 esset
761 2481 903 2568 negatis,
938 2480 1024 2546 siout
1056 2480 1093 2545 in
1131 2480 1284 2559 Hebraeo,
1322 2486 1363 2545 ut

304 2580 402 2646 litera
438 2587 554 2647 nostra
590 2587 676 2647 esset
720 2582 805 2648 sicut
844 2583 982 2668 exposui
1019 2603 1108 2648 nune
1144 2582 1254 2669 ipsum
1293 2581 1362 2647 He·

305 2682 439 2762 braeum,
462 2690 543 2749 tune
576 2688 686 2769 posset
708 2706 822 2750 versus
855 2685 998 2771 incipere
1029 2685 1066 2749 in
1089 2685 1210 2749 Latino
1242 2684 1299 2761 ibi,
1333 2689 1363 2749 et

305 2807 405 2852 omna
433 2783 626 2871 oirpultom
655 2785 743 2871 apri.
789 2786 855 2852 Sed
877 2808 945 2851 non
967 2790 1017 2850 est
1039 2786 1181 2872 negatio,
1206 2785 1283 2850 lieet
1305 2786 1363 2849 ad-

305 2888 420 2954 verbia
450 2888 599 2954 valentia
635 2889 828 2974 negationes
857 2888 1079 2973 imponantur,
1112 2886 1237 2950 scilieet
1269 2894 1362 2951 oote-

305 3011 413 3076 quom
449 2997 484 3056 et
519 2989 731 3077 priusquam
775 2989 837 3053 sub
874 2988 980 3073 speeie
1025 2986 1244 3067 affirmativa3
1290 3010 1363 3072 quae

305 3092 485 3157 seeundum
523 3113 646 3156 morem
677 3111 745 3154 non
775 3095 913 3175 possunt
952 3088 1006 3152 hio
1043 3087 1186 3174 incipere
1220 3110 1361 3169 versum,

305 3195 363 3258 sed
400 3198 531 3280 oportet
567 3193 656 3277 quod
699 3191 862 3257 referatur
895 3190 938 3255 ad
982 3189 1175 3276 praecedens,
1215 3197 1249 3257 et
1288 3214 1363 3257 eon-

305 3294 434 3359 tinetur
474 3294 617 3358 sermoni
647 3292 845 3379 praeoedenti
888 3291 950 3358 sub
985 3313 1052 3358 uno
1090 3314 1194 3359 versu
1263 3293 1362 3360 Unde

306 3400 444 3481 oportet,
468 3396 556 3480 quod
580 3396 641 3460 hoo
671 3394 860 3459 adverbiale
883 3401 1069 3481 malequam
1092 3401 1304 3482 praeponatur
1326 3398 1361 3461 in

306 3497 557 3573 constructione,
574 3502 609 3562 et
631 3497 720 3583 quod
742 3517 841 3562 ornate
876 3495 1072 3582 virgultum
1095 3498 1140 3562 sit
1162 3498 1362 3563 nominativi

307 3620 407 3665 ossus
463 3599 525 3663 Est
546 3599 651 3685 igitur
681 3598 736 3664 hie
758 3620 872 3664 sensus
897 3598 1023 3664 literae:
1057 3598 1136 3664 Istae
1165 3605 1244 3664 sunt
1265 3621 1363 3686 gene·

306 3701 451 3766 rationes
473 3700 548 3766 coeli
566 3707 600 3766 et
623 3706 730 3778 terrae,
754 3706 789 3766 et
808 3705 935 3777 caetera,
951 3701 1081 3786 quando
1104 3701 1206 3765 creati
1228 3707 1307 3765 sunt
1327 3702 1364 3766 in

308 3804 361 3869 die
384 3825 451 3890 qua
472 3803 552 3868 feeit
574 3802 738 3868 Dominus
763 3802 884 3868 eoelum
906 3809 941 3867 et
970 3808 1102 3883 terram,
1127 3807 1162 3867 et
1184 3808 1362 3888 antequam

307 3928 404 3971 omne
421 3905 604 3992 virgultum
627 3905 700 3992 agri
721 3905 863 3971 oriretur
884 3904 920 3968 in
943 3909 1033 3969 terra
1059 3926 1134 3990 quae
1156 3926 1223 3991 pro.
1247 3908 1306 3969 ete
1329 3908 1364 3970 et

307 4010 498 4096 priusquam
542 4012 639 4085 terra,
679 4006 793 4094 supple
826 4005 1027 4093 germinaret
1061 4028 1190 4071 omnem
1228 4005 1363 4071 herbam

307 4111 459 4198 regionis.
498 4108 537 4176 Si
563 4131 643 4175 vero
666 4115 751 4174 esset
773 4109 822 4173 ibi
845 4108 951 4173 omnis
973 4106 1075 4173 herba
1099 4108 1133 4172 in
1156 4107 1363 4173 nominativo

307 4234 394 4293 oasu,
432 4218 512 4278 tuno
549 4211 679 4299 planior
715 4215 801 4276 esset
830 4210 950 4290 litera3
988 4210 1045 4275 sed
1075 4215 1186 4296 potest
1218 4208 1363 4296 suppleri

308 4315 534 4381 nominativus
557 4336 658 4393 casus,
682 4313 769 4378 siout
802 4317 893 4377 terra
915 4333 989 4397 quae
1023 4311 1193 4398 germinet,
1218 4312 1304 4376 siout
1325 4311 1362 4375 in

307 4417 408 4483 tertia
444 4417 497 4482 die
535 4417 660 4483 dietum
693 4419 752 4496 est,
780 4419 801 4450 “
815 4413 977 4501 germinet
1008 4413 1142 4478 herbam
1172 4411 1364 4478 virentem.''

308 4520 408 4586 Unde
431 4542 499 4584 non
520 4518 779 4606 intelligendum,
807 4516 896 4602 quod
923 4516 1008 4581 sicut
1031 4517 1122 4581 Deus
1143 4515 1222 4581 feeit
1243 4517 1363 4581 coelum

307 4627 342 4688 et
364 4627 487 4688 terram
508 4622 545 4687 in
567 4621 736 4710 principio,
760 4619 848 4710 quod
870 4619 984 4685 feeerit
1013 4619 1158 4708 virgulta
1179 4624 1214 4685 et
1235 4619 1364 4695 herbas,

398 4741 474 4792 VOIa
491 4741 512 4791 1.
1155 4737 1183 4786 Η
1198 4738 1225 4786 Η
