3294 5744
241 754 310 842 an]
633 767 720 818 orus
742 765 903 818 raanan
1226 750 1290 815 239

285 942 448 1011 Similiter
479 944 506 1009 si
530 942 632 1009 diotio
664 941 817 1008 enclitioa
850 944 1015 1027 sequatur,
1039 940 1146 1007 adhue
1180 960 1293 1006 mono-

239 1045 398 1134 syllabioa
419 1047 541 1112 retinet
563 1049 699 1111 acutum
730 1049 910 1120 aeoentum,
942 1049 977 1109 et
1011 1044 1072 1110 hoo
1104 1043 1226 1109 faceret
1264 1044 1292 1108 si

239 1149 436 1215 naturaliter
472 1152 690 1235 gravaretur;
728 1148 807 1233 quia
840 1146 941 1212 diotio
975 1147 1126 1211 enclitioa
1157 1146 1294 1211 inclinat

240 1255 413 1317 nocentum
435 1271 532 1315 suum
566 1270 663 1336 super
685 1249 848 1335 syllabam
870 1249 1117 1336 praecedentem,
1141 1253 1175 1313 et
1197 1251 1294 1313 natu·

240 1352 354 1418 raliter
385 1355 553 1439 gravatur,
576 1356 616 1417 ut
639 1373 711 1438 quo,
733 1372 779 1428 ua,
802 1371 854 1444 na,
877 1351 964 1416 mont
985 1350 1066 1416 dicit
1100 1349 1292 1426 Priscianus,

241 1457 279 1521 in
313 1455 532 1521 declinatione
559 1454 658 1540 primi
680 1475 794 1520 versus
817 1453 982 1533 AEneidos,
1005 1452 1195 1539 mumque,
1218 1451 1295 1519 sub-

236 1555 380 1643 y'eotieva,
404 1562 550 1622 tantona
601 1555 695 1620 Idem
729 1555 809 1621 faoit
842 1575 921 1620 oum
953 1555 989 1619 in
1010 1555 1062 1619 his
1086 1555 1293 1634 dictionibus,

243 1658 431 1737 nobiseum,
455 1657 636 1738 uobiscum,
660 1664 780 1738 terum,
803 1677 943 1725 aarum.
989 1656 1056 1724 Sed
1078 1662 1195 1742 quarto
1219 1679 1295 1722 aean

243 1760 500 1848 monosyllabioa
521 1761 650 1826 amittit
670 1765 803 1827 acutum
826 1764 1004 1840 noeentum,
1027 1760 1159 1844 quando
1174 1759 1294 1825 scilieet

243 1871 341 1930 acuta
363 1863 492 1949 syllaba
530 1864 684 1949 seqnitur.
730 1862 809 1927 Non
843 1863 931 1927 enim
953 1862 1029 1928 duae
1050 1866 1156 1928 nautae
1179 1884 1295 1928 eonve-

244 1969 343 2032 niunt
366 1966 473 2044 simul,
496 1986 556 2030 neo
578 1971 629 2031 est
662 1965 834 2050 euphonia,
858 1986 917 2029 neo
938 1964 1046 2029 bonus
1067 1986 1189 2043 sonus;
1217 1965 1296 2050 quia

244 2070 328 2134 nihil
351 2072 401 2133 est
418 2069 601 2154 jucundum
624 2068 689 2132 nisi
711 2066 800 2154 quod
821 2067 927 2132 reficit
949 2067 1098 2144 varietas,
1115 2071 1155 2131 ut
1175 2066 1297 2132 Seneca

245 2172 351 2252 dieit3
386 2174 420 2235 et
458 2170 593 2235 Boetius
631 2169 711 2234 dioit
744 2169 779 2232 in
813 2169 940 2234 Musica
962 2166 1072 2254 quod¹
1107 2169 1297 2234 harmonica

245 2273 419 2338 delectatio
441 2278 594 2337 causatur
616 2293 657 2336 ex
681 2275 778 2336 acuto
801 2275 836 2337 et
857 2270 972 2357 gravi3
994 2291 1062 2335 non
1084 2270 1129 2335 sio
1152 2292 1195 2335 ex
1217 2272 1297 2336 dua·

246 2376 307 2440 bus
330 2375 441 2441 uentis.
475 2374 521 2439 Et
543 2373 616 2438 ideo
632 2377 762 2459 oportet
785 2371 874 2458 quod
888 2372 1020 2459 quando
1043 2373 1298 2458 monosyllabioa

247 2477 404 2563 praeeedit
442 2475 628 2553 dictionem,
667 2475 759 2560 eujus
796 2475 903 2561 prima
940 2474 1067 2561 syllaba
1104 2479 1154 2540 ast
1191 2479 1296 2555 nauta,

246 2580 351 2644 altera
388 2578 520 2642 illarum
558 2583 738 2663 gravetur3
781 2576 838 2643 sed
875 2599 1012 2663 sequens
1057 2579 1187 2664 gravari
1231 2600 1297 2643 non

248 2682 355 2760 debet,
380 2682 444 2745 nisi
478 2681 522 2744 sit
553 2680 710 2760 enclitica,
745 2681 823 2765 quia
853 2701 922 2747 non
951 2680 1080 2746 sistitur
1110 2682 1146 2744 in
1183 2681 1297 2767 primo,

247 2785 304 2849 sed
327 2783 488 2848 transitur
520 2782 562 2846 ad
594 2782 765 2868 posterius,
797 2781 854 2847 ubi
885 2786 1014 2864 statur;
1048 2786 1180 2868 propter
1209 2783 1298 2868 quod

246 2886 351 2970 maj0r
373 2883 576 2950 instabilitas
598 2890 750 2949 aooentus
772 2885 891 2950 antidit
924 2885 1024 2971 priori
1058 2906 1158 2971 quam
1189 2890 1299 2970 poste-

247 2989 345 3053 riori:
380 2992 414 3052 et
446 2987 519 3051 ideo
542 2985 642 3051 dictio
664 2987 849 3072 praeoedens
871 2988 976 3074 magis
998 2990 1108 3053 mutat
1130 2990 1299 3053 aooentum

248 3112 348 3175 quam
371 3089 579 3174 subsequens.

293 3191 381 3258 Item
415 3215 436 3256 a
468 3192 534 3256 fine
581 3189 811 3255 denominatur
857 3211 917 3268 res,
956 3195 991 3256 et
1037 3190 1112 3256 finis
1160 3191 1300 3278 imponit

248 3295 475 3359 necessitatem
513 3293 569 3372 rei,
601 3296 641 3358 ut
672 3292 866 3358 Aristoteles
903 3292 1010 3374 dioit3
1033 3299 1068 3360 et
1089 3293 1163 3359 ideo
1196 3295 1301 3382 magis

249 3395 379 3461 obtinet
405 3394 481 3460 finis
515 3393 821 3460 immutabilitatem
852 3416 920 3461 suaa
951 3397 1170 3481 proprietatis,
1200 3419 1300 3482 quam

248 3497 331 3562 illud
355 3498 443 3583 quod
465 3497 565 3562 finem
596 3496 759 3583 praeeedit.
806 3497 945 3582 Propter
975 3499 1079 3585 igitur
1111 3500 1180 3581 hoo,
1203 3505 1301 3564 natu·

248 3600 315 3665 rale
353 3606 403 3665 est
436 3598 524 3685 quod
563 3597 663 3664 dictio
695 3598 951 3684 monosyllabioa
981 3604 1138 3686 gravetur
1169 3600 1301 3686 qnando

249 3702 403 3787 praeeedit
426 3701 612 3779 dictionem,
648 3700 740 3784 eujus
774 3702 971 3787 principium
1002 3705 1053 3767 est
1084 3707 1226 3780 abutum,
1260 3707 1300 3768 ut

251 3805 380 3870 “dixit
405 3803 448 3868 ad
481 3803 574 3868 illum
588 3801 617 3883 ;''
649 3803 701 3867 hio
722 3803 911 3889 praepositio
944 3801 993 3871 ad
1024 3809 1192 3891 gravatur,
1223 3806 1301 3892 quia

250 3907 356 3992 prima
389 3904 519 3991 syllaba
564 3904 716 3970 dictionis
753 3906 920 3990 sequentis
946 3907 1084 3984 aeuitur,
1122 3909 1299 3972 seeundum

250 4008 397 4093 regulam
440 4007 625 4072 secundam.
680 4005 726 4071 Et
760 4007 972 4073 confinnatur
1003 4007 1064 4073 hoo
1095 4031 1154 4094 per
1185 4010 1301 4095 dissyl-

250 4110 351 4188 labae,
375 4131 449 4196 quae
471 4109 621 4174 similiter
642 4113 826 4194 gravantur
867 4116 1000 4197 propter
1037 4113 1300 4197 oonseqnentiam

251 4213 413 4292 dictionis,
460 4216 498 4275 ut
543 4208 661 4276 Dauid
698 4230 779 4290 rea,·
833 4212 953 4278 ultima
1000 4213 1097 4300 hujus
1150 4215 1302 4281 dictionis

252 4313 370 4380 Dorici
419 4314 556 4395 aeuitur,
607 4313 664 4378 sed
697 4313 901 4379 convertitur
938 4315 972 4378 in
1004 4338 1137 4403 gravem
1170 4323 1302 4406 propter

253 4416 429 4482 dictionem
460 4419 591 4481 acutam
625 4436 699 4500 quae
733 4416 886 4501 sequitur.
933 4417 978 4484 Et
1011 4418 1098 4486 idem
1120 4421 1237 4486 accidit
1274 4423 1301 4486 si

489 4690 534 4738 'in
552 4687 654 4742 staua
671 4687 746 4755 qaod]
766 4690 832 4754 quod
849 4689 875 4739 in
891 4688 993 4749 musica,
1011 4691 1042 4742 T.
