3586 5640
766 832 846 882 msc
868 832 912 882 OF
936 833 1051 884 ROGER
1073 832 1193 884 BAOON.

501 1129 561 1219 Ψ
578 1131 674 1198 Since
696 1133 787 1198 these
810 1133 919 1200 sheets
941 1154 1026 1198 were
1051 1133 1087 1197 in
1109 1133 1167 1198 the
1189 1153 1286 1219 presa,
1312 1131 1329 1197 I
1354 1131 1437 1198 have
1460 1134 1505 1219 by

455 1232 575 1299 chance
598 1234 725 1321 lighted
748 1255 792 1300 on
823 1235 899 1300 that
920 1235 1052 1321 portion
1084 1234 1122 1301 of
1140 1233 1276 1299 Bacon's
1297 1239 1391 1321 great
1413 1235 1506 1300 work

456 1333 564 1400 which
598 1337 751 1402 contains
782 1336 840 1402 the
865 1335 1076 1404 Communia
1101 1334 1359 1417 Mathematiccc,
1382 1335 1420 1403 or
1449 1335 1507 1403 the

454 1437 595 1502 relation
617 1437 655 1503 of
672 1438 901 1504 mathematica
921 1443 957 1504 to
972 1438 1201 1525 metaphysica
1246 1438 1316 1505 The
1338 1438 1508 1526 following

454 1560 589 1627 passage
620 1539 705 1607 from
736 1540 794 1606 the
828 1540 1055 1607 introduction
1077 1540 1146 1607 will
1180 1540 1273 1607 show
1299 1562 1389 1607 more
1422 1539 1507 1626 fully

455 1640 513 1706 the
535 1647 654 1707 nature
676 1641 714 1707 of
730 1643 789 1708 the
811 1642 969 1708 trectise:
1113 1664 1118 1672 ·

501 1742 598 1810 “Hic
620 1744 738 1831 incipit
753 1745 908 1810 volumen
930 1767 1019 1811 vcra
1034 1744 1286 1824 mathematicae,
1303 1745 1427 1810 habens
1449 1766 1506 1810 sex

456 1853 473 1880 “
496 1844 617 1911 libros:
640 1846 766 1933 primus
788 1851 839 1912 est
869 1846 910 1912 de
934 1845 1172 1912 Communibus
1196 1846 1448 1925 Mathematicus,
1473 1851 1508 1912 et

456 1954 473 1981 “
496 1945 598 2013 habet
624 1953 691 2015 tres
723 1953 832 2036 partes
864 1948 1086 2036 principales:
1117 1949 1224 2037 prima
1253 1970 1329 2037 pars
1358 1949 1507 2015 continet

455 2055 473 2085 “
497 2049 648 2135 quasdam
681 2050 868 2117 communia
898 2051 1103 2139 praeambula
1128 2051 1172 2116 ad
1197 2049 1506 2117 inter-loramathe-

456 2158 473 2186 “
496 2152 636 2230 maticae,
669 2157 704 2218 et
729 2152 831 2219 habet
853 2203 1076 2220 ........
1101 2153 1337 2220 distinctiones
1394 2151 1507 2218 Prima

455 2260 473 2287 “
497 2253 668 2320 distinctio
701 2261 869 2342 comparat
896 2255 1165 2322 mathematicam
1187 2277 1300 2322 veram
1331 2254 1375 2320 ad
1404 2260 1507 2320 meta-

456 2353 666 2440 “physicam
697 2361 732 2420 et
765 2362 896 2443 separat
931 2378 1003 2422 eam
1036 2378 1058 2421 a
1089 2356 1171 2422 falsa
1202 2356 1444 2436 mathematica,
1472 2361 1507 2421 ct

455 2463 473 2491 “
496 2456 555 2520 dat
577 2457 797 2521 intentionem
830 2457 901 2543 ejus
924 2462 959 2522 et
981 2456 1082 2521 libros
1105 2457 1203 2543 hujus
1234 2458 1379 2523 scientiae
1402 2457 1507 2522 totius

456 2564 474 2591 “
497 2557 703 2634 determinat,
727 2562 762 2623 ct
777 2579 889 2623 causas
903 2557 1104 2623 universales
1126 2579 1273 2622 errorum
1288 2558 1506 2623 humanorum

455 2666 474 2692 ‘¹
501 2657 539 2722 in
562 2657 624 2722 hac
646 2658 795 2739 scientia,
828 2659 914 2725 sicut
936 2658 973 2722 in
1004 2657 1077 2722 aliis
1100 2658 1255 2724 excludit.
1303 2658 1373 2723 Dat
1404 2659 1505 2724 ctiam

456 2767 475 2796 “
498 2759 741 2826 mathematicas
778 2760 891 2826 laudes
936 2765 971 2825 et
1005 2759 1169 2825 utilitates
1214 2781 1272 2846 per
1309 2759 1391 2824 duas
1427 2761 1506 2839 vias,

427 2898 430 2903 >
456 2870 669 2928 “reservans
699 2862 850 2930 secundae
881 2862 1088 2928 distinctioni
1118 2866 1153 2927 et
1184 2861 1256 2927 aliis
1286 2867 1404 2928 caetera
1433 2883 1507 2947 quae

457 2971 477 3001 “
499 2965 542 3030 ad
557 2965 669 3032 laudes
691 2973 726 3032 ct
740 2965 906 3032 utilitates
928 2963 1172 3031 mathematicae
1193 2963 1415 3050 requiruntur.
1462 2963 1508 3028 Et

457 3075 475 3102 '‘
497 3068 568 3134 haec
590 3067 760 3133 distinctio
782 3068 890 3154 prima
918 3066 1020 3132 habet
1041 3065 1101 3132 vii.
1132 3066 1284 3153 capitula
1330 3065 1372 3130 In
1402 3066 1507 3152 primo

458 3176 476 3203 “
498 3175 577 3234 sunt
600 3169 674 3247 tria,
692 3192 767 3255 quae
790 3169 826 3233 in
840 3167 1002 3257 principio
1025 3168 1185 3234 enarravi
1231 3167 1321 3233 Nam
1343 3168 1379 3233 in
1401 3168 1508 3254 primo

459 3279 650 3357 “comparo
681 3270 950 3337 mathematicam
986 3269 1029 3335 ad
1063 3269 1344 3357 metaphysicam;
1366 3270 1508 3336 secundo

457 3378 476 3408 “
498 3371 542 3436 ad
571 3373 755 3458 magicam
778 3372 879 3437 tertio
908 3393 1083 3436 numerum
1114 3377 1148 3437 et
1178 3371 1325 3437 ordinem
1347 3372 1507 3441 librorum

458 3479 477 3508 “
500 3473 558 3558 qui
581 3473 621 3537 de
644 3473 839 3560 integritate
861 3473 959 3538 istius
989 3473 1134 3539 scientiae
1156 3479 1406 3560 componuntur.
1452 3475 1507 3541 Sic

459 3583 477 3609 “
499 3581 610 3640 autem
634 3597 692 3661 per
712 3579 822 3640 totum
849 3575 940 3640 istud
963 3575 1126 3652 volumen,
1151 3575 1236 3641 sicut
1266 3576 1301 3639 in
1332 3577 1404 3641 aliis
1427 3577 1509 3641 meis

459 3686 476 3711 “
499 3676 723 3742 voluminibus
746 3676 968 3764 philosophiae,
984 3677 1061 3742 volo
1077 3677 1257 3756 observare,
1280 3682 1320 3743 ut
1342 3684 1452 3764 partes
1474 3684 1509 3743 et

458 3786 475 3814 “
500 3779 729 3844 distinctiones
745 3785 779 3844 et
802 3778 946 3865 capitula
968 3801 1044 3843 cum
1060 3779 1264 3866 expositione
1286 3778 1380 3844 brevi
1395 3800 1507 3844 eorum

459 3890 477 3916 “
500 3904 573 3967 quae
608 3881 644 3945 in
682 3881 746 3946 illis
784 3881 997 3946 continentur
1042 3881 1305 3968 praescribantur,
1345 3886 1508 3965 quatenus

458 3991 477 4019 ‘³
500 3984 602 4049 lector
624 3983 752 4049 facilius
782 3983 949 4069 intelligat
979 4004 1053 4068 quac
1083 3988 1268 4048 tractantur
1280 4007 1288 4061 ;
1312 3988 1346 4047 et
1376 3981 1419 4046 ad
1442 3981 1509 4046 evi·

458 4092 477 4121 “
501 4086 648 4151 dentiam
686 4087 844 4172 majorem
877 4085 953 4152 volo
987 4085 1024 4149 in
1062 4085 1214 4170 capitulis
1252 4083 1389 4171 singulis
1427 4083 1509 4148 illud

460 4197 477 4224 “
501 4188 590 4274 quod
605 4188 832 4277 principaliter
846 4188 998 4275 tangitur
1011 4187 1047 4252 in
1070 4187 1125 4264 eis,
1142 4186 1293 4252 inchoavi
1313 4185 1510 4273 capitalibus

459 4297 478 4326 “
502 4290 608 4355 literis
668 4296 702 4356 et
756 4291 792 4355 iu
839 4290 998 4356 linearum
1059 4288 1229 4376 principiis
1285 4310 1360 4354 cum
1406 4288 1509 4353 minio

465 4400 483 4428 “
506 4391 693 4458 annotavi.’'
711 4391 719 4429 ¹

1182 4526 1504 4534 Ἥ..-

806 4597 813 4627 ¹
824 4595 880 4648 MS.
893 4595 992 4657 Sloane,
1004 4599 1077 4657 2156,
1089 4595 1107 4646 t
1120 4598 1159 4647 74.
