3586 5640
313 796 376 882 nn]
721 815 899 866 lennrmx
923 820 943 866 1.
1297 807 1362 876 547

311 984 444 1070 phora,
458 990 492 1050 et
530 986 558 1050 si
580 987 641 1067 vis,
664 986 756 1054 istud
783 994 833 1054 est
862 1011 962 1054 ovum
998 984 1275 1076 pbilosophorum,
1306 991 1361 1056 vel

311 1087 415 1173 magis
441 1088 603 1154 terminus
626 1094 661 1154 et
683 1090 758 1155 finis
781 1091 843 1156 ovi.
891 1092 935 1156 Et
957 1091 1019 1157 hoo
1042 1098 1092 1157 est
1107 1093 1195 1178 quod
1210 1093 1362 1179 pervenit

310 1189 355 1252 ad
377 1211 436 1285 nos
471 1191 511 1256 de
533 1191 613 1258 oleis
650 1191 744 1272 istis3
777 1194 834 1259 sed
857 1193 945 1259 inter
990 1194 1147 1259 subtilia¹
1177 1200 1360 1281 reputatur,

311 1293 442 1375 quando
488 1293 531 1356 ab
568 1315 655 1379 aqua
692 1294 747 1359 vel
792 1295 871 1376 oleo,
917 1297 953 1360 in
992 1318 1057 1381 quo
1105 1302 1165 1375 est,
1203 1303 1363 1384 purgetur

310 1394 365 1456 vel
401 1401 578 1479 separetur.
640 1397 804 1463 Praeterea
854 1399 1075 1484 corrumpitur
1121 1399 1228 1464 oleum
1274 1400 1361 1464 inte-

310 1494 378 1559 rius
412 1498 548 1563 terendo
586 1499 694 1584 ipsum
732 1523 806 1565 cum
851 1500 950 1566 rebus
996 1501 1244 1577 desiccantibus,
1277 1502 1362 1567 sicut

309 1596 377 1662 eale
399 1603 459 1664 aut
481 1604 666 1665 atramento
678 1627 686 1684 3
709 1606 744 1667 et
765 1601 911 1681 assando,
936 1604 1092 1689 quoniam
1126 1604 1233 1690 passio
1266 1604 1306 1668 fit
1340 1626 1361 1668 a

309 1701 481 1779 contrario,
506 1707 540 1768 et
561 1708 675 1790 postea
697 1704 902 1785 sublimatur,
927 1706 1030 1772 donec
1052 1707 1095 1771 ab
1126 1705 1358 1792 oleagineitate

308 1823 368 1867 sua
389 1804 547 1889 privetur.
595 1806 641 1871 Et
663 1806 742 1892 quia
764 1812 815 1872 est
837 1807 921 1873 siout
944 1807 1082 1895 sulphur
1096 1808 1150 1873 vel
1172 1809 1355 1894 arsenicum

307 1905 344 1969 in
366 1906 588 1987 mineralibus,
611 1910 788 1995 praeparari
810 1915 919 1996 potest
941 1909 1026 1975 siout
1050 1916 1085 1976 ot
1110 1910 1189 1997 ipsa
1236 1910 1356 1975 Melius

308 2013 494 2074 esttamen
516 2016 556 2076 ut
579 2011 780 2096 decoquatur
801 2012 838 2076 in
871 2013 966 2097 aquis
989 2013 1182 2098 temperatis
1206 2012 1243 2076 in
1268 2012 1357 2077 acui-

307 2115 386 2191 tate,
417 2112 519 2177 donec
548 2119 709 2200 purgetur
733 2120 767 2179 et
790 2113 972 2187 dealbetur.
1017 2114 1148 2200 Aquae²
1171 2135 1249 2180 vero
1272 2115 1360 2179 salu·

307 2213 390 2277 turis
413 2214 572 2280 exaltatio
603 2217 644 2280 fit
682 2238 725 2281 ex
747 2216 823 2303 igne
845 2216 929 2282 sicco
961 2215 1015 2282 vel
1052 2215 1210 2297 humido;
1241 2221 1276 2282 et
1298 2217 1360 2280 ite-

190 2359 192 2362 >
310 2319 401 2380 retur
431 2316 613 2394 distillatio,
652 2324 692 2383 ut
733 2319 884 2384 effectum
920 2318 1082 2384 bonitatis
1122 2318 1259 2405 recipiat
1293 2318 1358 2383 suf-

308 2416 465 2498 ficienter,
503 2420 606 2485 donec
644 2421 860 2500 rectifiuetur;
896 2420 1142 2487 rectificationis
1178 2420 1360 2485 novissima

308 2518 402 2605 signa
423 2526 503 2586 sunt
543 2523 664 2588 candor
700 2528 735 2588 et
768 2524 960 2608 crystallina
992 2524 1172 2603 serenitos3
1204 2527 1238 2588 et
1284 2543 1359 2588 cum

308 2626 426 2687 moero
447 2622 635 2709 nigrescant
657 2626 700 2690 ab
722 2624 800 2712 igne
822 2625 883 2690 hoe
913 2623 1059 2703 albescit,
1090 2625 1281 2704 mundatur,
1311 2645 1360 2689 se·

306 2723 448 2788 renitate
470 2726 603 2791 nitescit
625 2731 660 2792 et
681 2727 853 2814 splendore
875 2725 1029 2792 mirabili
1076 2726 1129 2790 Ex
1143 2728 1204 2792 hac
1220 2748 1310 2812 aqua
1324 2731 1359 2790 et

307 2828 396 2889 terra
417 2847 476 2890 sua
502 2833 676 2913 argentum
707 2831 823 2893 vivum
853 2834 1039 2914 generatur,
1072 2829 1161 2912 quod
1193 2833 1244 2892 est
1274 2829 1360 2892 sicut

306 2933 481 3013 argentum
503 2929 617 2995 vivum
640 2930 677 2993 in
699 2930 923 3009 mineralibus,
948 2934 982 2993 et
1009 2930 1141 3015 quando
1171 2929 1359 2993 incandidit

307 3028 367 3094 boc
388 3030 486 3096 modo
508 3031 650 3095 materia
672 3029 887 3116 congelatur.³
933 3029 1032 3114 Lapis
1058 3051 1136 3094 vero
1159 3030 1358 3109 Aristotelis,

307 3133 364 3216 qui
386 3154 455 3198 non
478 3138 528 3198 est
552 3134 643 3219 lapis,
668 3134 804 3219 ponitur
826 3133 862 3195 in
884 3132 1055 3218 pyramide
1085 3131 1122 3194 in
1144 3130 1214 3197 loco
1245 3132 1358 3212 calid0,

307 3233 361 3297 vel
391 3235 419 3298 si
441 3234 493 3298 vis
515 3235 551 3298 in
574 3240 690 3299 ventre
713 3235 789 3320 equi
811 3239 871 3299 aut
893 3234 997 3312 bovis
1021 3237 1055 3299 et
1079 3232 1202 3298 febrem
1228 3240 1359 3300 acutam

306 3335 465 3401 imitatur.
526 3336 615 3400 Nam
638 3336 678 3401 de
701 3341 826 3422 septem
849 3336 886 3399 in
907 3335 975 3400 xiv.
1013 3334 1111 3400 etde
1144 3335 1205 3400 hoc
1227 3336 1264 3400 in
1286 3337 1356 3402 xxi.

306 3437 483 3522 aliquando
505 3438 661 3525 procedit,
678 3443 718 3504 ut
732 3439 827 3504 faeces
850 3435 1110 3503 elementorum⁴
1132 3437 1359 3504 dissolvantur

306 3539 343 3603 in
372 3562 547 3626 aquaeue,
583 3546 761 3627 antequam
784 3545 998 3627 separentur;
1020 3545 1055 3606 et
1077 3540 1272 3606 multotiens
1296 3543 1359 3606 ite-

306 3646 398 3706 retur
427 3642 597 3707 dissolutio
631 3647 665 3708 et
700 3643 883 3721 distillatio
917 3643 1019 3707 donec
1050 3643 1257 3707 rectifiuetur.
1312 3642 1357 3706 Et

305 3742 359 3809 bic
388 3748 439 3809 est
468 3744 545 3827 finis
575 3744 675 3829 hujus
712 3743 915 3810 intentionis.
983 3742 1075 3808 Scias
1115 3747 1237 3823 tamen,
1270 3742 1357 3828 quod
1492 3773 1496 3780 ·

304 3867 407 3931 quum
431 3848 715 3927 consummaveris,
738 3853 818 3912 tunc
841 3849 971 3934 oportet
994 3849 1028 3910 te
1050 3845 1201 3931 incipere.

349 3948 453 4014 Aliud
475 3971 553 4014 vero
576 3954 736 4016 secretum
758 3951 834 4016 volo
858 3949 922 4013 tibi
944 3948 1061 4013 dicere.
1119 3947 1209 4011 Nam
1240 3967 1355 4031 argen-

304 4055 378 4116 tum
400 4052 516 4119 vivum
546 4074 696 4143 praepara
721 4050 949 4117 mortificando
982 4051 1091 4144 ipsum
1123 4072 1197 4114 oum
1234 4068 1356 4133 vapore

304 4155 415 4220 stanni
439 4177 497 4243 pro
520 4155 707 4242 margarita,
730 4159 853 4220 etcum
868 4173 989 4239 vapore
1010 4151 1137 4238 plumbi
1152 4172 1212 4237 pro
1229 4149 1355 4215 Hibero

305 4371 807 4380 w——oe-u--u-——Q--a--uu
814 4369 971 4379 .-.0---0-m
1012 4365 1353 4375 .›.-----.--—.-..-————-

337 4504 469 4572 ¹euto'lio]
488 4504 607 4571 sinapica,
615 4505 671 4557 MS.
884 4500 1055 4568 ’conpeluNJ
1083 4508 1108 4552 et
1141 4501 1289 4566 quandoque
1322 4498 1350 4549 in

851 4584 903 4634 sale
920 4581 1091 4633 armeniacum
1102 4581 1254 4645 congeletur,
1267 4577 1324 4630 MS.

333 4663 443 4732 'Aquoe]
463 4663 521 4727 alia,
537 4662 567 4717 0.
884 4659 1082 4728 ‘eumarum
1101 4659 1221 4721 oleorum,
1239 4657 1268 4711 0.

1094 4741 1216 4806 murt
