3586 5640
316 806 430 895 xxvi]
732 825 818 875 orus
840 825 1004 877 raurruu.
1335 813 1380 886 97

314 1019 435 1064 vocem.
483 997 529 1062 Et
552 997 606 1064 hic
623 1004 680 1062 adr
703 999 750 1063 sic
774 996 937 1085 figuratus
952 1022 1039 1079 voce,
1061 1007 1095 1067 et
1121 1001 1244 1067 babens
1259 1003 1376 1070 fortem
1390 1011 1536 1094 Producing

314 1101 455 1188 speeiem
494 1101 614 1167 animae
662 1101 842 1177 rationalis,
874 1107 986 1189 potest
1024 1104 1158 1168 alterari
1198 1127 1258 1191 per·
1292 1083 1522 1197 hancgffi'ffl‘

315 1205 485 1280 virtutem,
517 1209 552 1267 et
589 1202 730 1267 alterare
761 1224 812 1266 res
850 1204 886 1266 in
908 1225 947 1269 eo
985 1211 1168 1282 contentas,
1201 1208 1236 1271 in
1267 1209 1376 1274 varios
1389 1211 1520 1263 thesemo.

314 1307 453 1373 effectus
477 1311 511 1371 et
527 1306 693 1391 passiones
715 1305 832 1369 varias.
879 1304 1040 1372 Similiter
1066 1329 1181 1394 corpus
1207 1308 1375 1376 fortiorem
1388 1278 1493 1341 sphera,

318 1409 457 1496 speciem
481 1407 562 1472 sacit
588 1429 630 1472 ex
648 1407 702 1472 his
724 1407 982 1492 cogitationibus
1004 1415 1039 1474 et
1063 1409 1232 1476 desideriis
1247 1414 1375 1493 animae,

317 1517 352 1576 et
386 1511 574 1576 intentione
614 1515 649 1574 et
679 1509 888 1574 confidentia.
950 1510 1040 1575 Nam
1070 1513 1148 1597 quia
1179 1535 1281 1579 unum
1317 1538 1376 1602 per

314 1615 489 1679 essentiam
503 1613 544 1677 fit
559 1634 601 1677 ex
618 1633 751 1698 corpore
767 1617 801 1676 et
815 1613 937 1690 anima,
961 1619 1082 1678 natura
1102 1615 1233 1701 eorpns¹
1260 1619 1374 1684 obedit

312 1715 567 1802 cogitationibus
590 1714 720 1792 animae,
746 1719 780 1778 et
806 1713 885 1778 facit
911 1735 1003 1778 suam
1027 1717 1166 1802 speciem
1190 1717 1369 1799 fortiorem,

312 1840 385 1904 quas
415 1818 515 1882 etiam
538 1816 694 1902 recipitur
723 1816 760 1880 in
790 1822 865 1880 ae're
887 1816 1028 1882 formato
1066 1840 1124 1904 per
1161 1842 1295 1902 vocem;
1334 1829 1369 1888 et

310 1922 356 1986 sic
382 1926 440 1985 adr
465 1920 628 1985 alteratur
658 1939 717 2005 per
746 1918 831 1983 hanc
855 1921 996 2005 speciem
1021 1922 1163 2007 corporis
1194 1922 1279 1989 sicut
1310 1948 1369 2011 per

310 2022 474 2111 speeiem¹
504 2022 633 2101 animae,
665 2025 699 2085 et
730 2019 851 2086 alterat
876 2042 928 2086 res
958 2021 994 2085 in
1028 2043 1067 2087 eo
1098 2030 1294 2105 contentas;
1333 2033 1368 2092 et

310 2125 488 2191 secundnm
517 2122 605 2210 qnod
636 2126 687 2187 est
718 2122 814 2189 malae
837 2122 890 2188 vel
916 2121 1032 2189 bonae³
1062 2125 1299 2212 complexionis
1321 2131 1367 2194 sic

311 2228 431 2293 accidit
461 2226 568 2314 passio
591 2225 627 2290 in
657 2230 732 2290 aere
757 2229 791 2289 et
817 2226 853 2290 in
877 2225 975 2291 rebus
990 2225 1128 2293 diversa

356 2329 470 2394 Tertia
497 2327 649 2394 alteratio
679 2327 774 2392 venit
804 2349 824 2391 a
854 2328 978 2394 coelesti
1016 2331 1214 2416 operatione.
1277 2335 1365 2400 Nam
1379 2345 1515 2424 Whennea

311 2432 458 2498 coelestes
484 2431 714 2517 depositiones
745 2428 788 2495 ad
819 2452 949 2495 omnem
979 2431 1093 2497 horam
1124 2434 1266 2502 alterant
1295 2423 1508 2530 bracem?

310 2533 502 2614 inferiora3⁴
535 2538 571 2599 et
597 2554 696 2619 opera
725 2553 799 2618 quac
825 2532 912 2597 fiunt
934 2533 987 2597 hic
1024 2533 1162 2601 inferius
1192 2539 1365 2606 variantur
1377 2545 1428 2624 ain
1440 2547 1525 2597 narrar

308 2636 485 2703 secundum
515 2635 742 2700 diversitatem
773 2635 954 2700 ooelestium
985 2637 1270 2706 constellationum
1284 2668 1306 2722 3‘
1324 2651 1364 2708 ut
1377 2612 1520 2666 inanesces.

310 2761 408 2826 opera
437 2737 608 2804 medicine
650 2741 684 2802 et
720 2736 889 2816 alebimiae,
930 2743 965 2803 et
996 2740 1113 2804 omnia
1160 2739 1206 2806 Et
1232 2743 1305 2808 ideo
1328 2746 1364 2809 in

306 2842 388 2907 bora
412 2839 606 2927 prolationis
636 2839 726 2904 vocis
752 2844 809 2903 aer
834 2839 996 2924 figuratus
1022 2862 1080 2927 per
1106 2863 1220 2908 vocem
1245 2846 1363 2932 recipit

307 2944 472 3011 coelestem
509 2942 679 3019 virtutem,
722 2945 757 3005 et
793 2940 954 3006 alteratur
991 2943 1168 3008 secundnm
1208 2967 1288 3024 eam,
1328 2957 1362 3014 et

307 3046 429 3112 alterat
455 3065 512 3109 rea
572 3042 618 3107 Et
648 3063 689 3108 ex
713 3042 779 3107 ista
803 3042 1008 3129 quadruplici
1034 3045 1140 3131 specie
1166 3052 1201 3112 et
1224 3049 1360 3132 virtute,

307 3148 430 3215 scilicet
444 3146 534 3212 vocis
551 3144 729 3231 figurantis
749 3149 868 3223 aerem,
884 3151 919 3210 et
938 3145 1058 3211 animae
1078 3149 1250 3216 rationalis
1264 3152 1361 3219 bouae

306 3250 361 3316 vel
381 3248 485 3327 malae,
506 3254 542 3313 et
565 3242 736 3333 corporis‚⁶
751 3253 785 3312 et
800 3246 941 3312 coelestis
964 3248 1232 3332 constellationis,
1251 3261 1361 3341 potest

306 3351 480 3417 ineffabilis
501 3350 572 3415 fieri
595 3348 736 3413 variatio
763 3353 797 3413 et
824 3349 983 3414 mirabilis
999 3352 1033 3415 in
1050 3357 1132 3430 aere,
1152 3360 1186 3419 et
1204 3356 1240 3420 in
1263 3357 1360 3423 rebus

306 3452 490 3534 contentis;
516 3457 551 3517 et
579 3450 641 3515 boc
671 3450 699 3514 si
730 3450 873 3536 eligatur
902 3456 1033 3538 tempus
1063 3453 1158 3520 bonae
1189 3459 1360 3523 constella-

304 3556 404 3623 tionis
428 3555 482 3622 vel
507 3553 613 3632 malae,
636 3551 814 3617 secundum
840 3553 1035 3638 qualitatem
1062 3554 1268 3623 alterationis
1283 3583 1357 3646 quae

305 3659 479 3746 cogitatur,
517 3653 577 3721 et⁶
605 3653 802 3734 intenditur,
835 3651 888 3720 et⁰
910 3655 1124 3735 desideratur,
1162 3666 1197 3725 et
1227 3662 1358 3728 fortiter

303 3765 460 3849 speratur.
521 3757 610 3822 Nam
648 3761 729 3822 tunc
766 3757 825 3821 fier
861 3756 1015 3824 alteratio
1052 3766 1141 3825 certa
1177 3766 1355 3830 secundum

303 3863 524 3931 conditionem
547 3858 807 3925 constellationis
831 3880 905 3924 cum
931 3859 1097 3946 adjutorio
1123 3863 1262 3929 aliarum
1287 3868 1356 3931 vir-

304 3973 414 4033 tutum
445 3961 671 4052 operantium
709 3961 795 4026 sicut
825 3961 970 4026 medicus
1007 3963 1132 4048 peritus
1165 3968 1222 4050 qui
1255 3969 1355 4052 juxta

303 4066 500 4136 desiderium
530 4062 695 4152 purgandi
725 4062 897 4140 choleram,
929 4085 1002 4150 qaae
1026 4070 1077 4130 est
1108 4087 1205 4132 cansa
1236 4073 1352 4148 morbi,

303 4169 426 4258 qnoerit
451 4167 600 4234 debitam
616 4165 903 4232 constellationem
929 4166 965 4229 in
990 4166 1101 4252 aliqua
1116 4168 1208 4249 hora,
1231 4177 1269 4236 ut
1294 4176 1354 4238 fiat

818 4375 819 4379 ,
895 4364 1350 4382 *meam—*-

336 4500 457 4567 remm]
476 4497 593 4564 mm,
610 4496 640 4546 Β,
648 4496 677 4546 L.
884 4497 1037 4563 1ιἰιχινίονα]
1057 4497 1144 4562 infera,
1162 4501 1193 4554 Τ.

337 4586 348 4615 ¹
351 4601 399 4652 per
408 4581 522 4650 φαίη]
536 4595 585 4631 om.
596 4580 626 4629 Β.
640 4579 670 4629 L.
883 4614 893 4641 ,

336 4660 425 4714 '101oe
435 4658 473 4712 vel
483 4658 564 4725 bone]
582 4659 655 4709 bonoe
666 4656 707 4709 vel
722 4655 803 4717 mala,
882 4733 892 4760 ·

300 4743 336 4796 T.

390 4849 465 4901 VOL
481 4848 503 4900 1.
