3586 5640
449 738 514 809 ³74
826 753 956 802 sooner
979 751 1125 803 moeurs

450 925 652 1003 miraculum,
676 926 733 991 sed
765 947 846 1011 opus
874 930 1012 1006 natura,
1044 948 1123 992 nam
1154 925 1266 1011 aliqua
1298 927 1510 997 constellatio

450 1031 515 1096 fuit
537 1030 595 1093 illo
618 1033 764 1115 tempore
786 1039 901 1114 potens
924 1029 1086 1094 elementa
1115 1029 1269 1096 reducere
1298 1029 1342 1097 ad
1364 1031 1509 1117 gradum

451 1131 653 1217 aequalitatis
683 1131 957 1217 propinquiorem,
980 1151 1080 1215 quam
1110 1134 1190 1196 ante
1220 1130 1357 1199 fuerunt
1379 1131 1416 1196 in
1439 1154 1510 1199 cor·

450 1254 529 1321 pore
552 1253 632 1311 suo;
664 1237 700 1297 et
722 1232 801 1318 quia
823 1231 894 1315 ejus
917 1232 1108 1297 commixtio
1131 1231 1197 1299 fruit
1219 1252 1262 1296 ex
1290 1237 1412 1299 natura
1433 1256 1509 1320 pro-

449 1336 522 1423 pria
545 1334 741 1399 conveniens
778 1332 1021 1398 constellationi
1058 1354 1126 1399 non
1160 1333 1206 1399 sio
1243 1332 1382 1399 aliorum
1419 1356 1509 1401 oom-

449 1437 627 1550 plexiones,
661 1435 734 1499 ideo
765 1434 884 1499 accidit
915 1433 1068 1500 alteratio
1100 1434 1170 1520 ejus
1203 1435 1240 1500 in
1262 1455 1394 1520 corpore
1417 1437 1508 1521 quod

447 1558 516 1603 nou
536 1536 574 1599 in
596 1535 678 1601 aliia

283 1636 418 1780 3:3⁸0?
497 1640 558 1703 Est
592 1644 704 1704 autem
736 1635 871 1701 ulterior
902 1635 1001 1720 longa
1034 1635 1115 1701 vitae
1153 1635 1303 1703 extensio
1340 1636 1507 1723 possibilis

284 1767 400 1846 eningor
452 1764 473 1807 a
494 1738 655 1827 principio
686 1737 810 1816 mundi,
838 1736 907 1801 sive
936 1758 1057 1822 magna
1082 1737 1290 1824 prolongatio
1312 1737 1414 1818 vitae3
1445 1739 1505 1805 sed

283 1834 334 1888 lire.

451 1864 541 1907 nuno
574 1840 768 1907 abbreviata
801 1842 852 1904 est
889 1837 980 1902 ultra
1020 1835 1163 1904 modum.
1211 1837 1353 1905 Onusam
1390 1843 1504 1905 autem

451 1963 606 2029 magnam
635 1941 735 2028 hujus
768 1938 952 2026 prolongat
942 1938 1028 2003 ronis
1062 1944 1097 2003 et
1128 1938 1386 2006 abbreviationis
1414 1939 1505 2006 sso-

451 2047 627 2110 maverunt
648 2042 746 2107 multi
767 2063 789 2105 a
809 2045 903 2126 parte
926 2040 1000 2105 coeli
1011 2063 1020 2119 ;
1043 2061 1121 2104 nam
1142 2040 1392 2107 aeetimaverunt
1414 2042 1504 2127 quod

452 2146 527 2211 ooeli
549 2144 718 2230 dispositio
740 2143 805 2206 fuit
827 2141 951 2227 optima
972 2163 993 2205 a
1014 2141 1183 2228 principio,
1206 2141 1243 2207 in
1264 2141 1388 2208 mundo
1410 2163 1504 2210 esne·

454 2252 563 2313 scente
593 2247 704 2310 omnia
732 2244 914 2319 tabescunt,
937 2243 1139 2309 aestimantes
1164 2242 1274 2311 stellas
1295 2243 1393 2312 finus
1415 2267 1504 2312 crea·

451 2352 503 2413 tas
519 2347 554 2410 in
568 2347 646 2412 locis
664 2344 933 2410 convenientibus
954 2345 991 2409 in
1013 2343 1132 2428 quibus
1154 2344 1258 2411 scens
1279 2343 1405 2413 habent
1426 2367 1504 2416 suae

449 2448 637 2533 dignitates,
671 2467 746 2530 quse
771 2451 933 2510 vocantur
966 2445 1089 2526 domus,
1121 2445 1289 2524 exaltatio,
1316 2447 1501 2533 triplicitas,

445 2547 552 2623 iacies,
576 2545 757 2623 terminus3
796 2550 830 2610 et
853 2545 888 2608 in
918 2545 1046 2610 meliori
1079 2547 1289 2633 proportione
1310 2568 1425 2616 eorum
1457 2551 1502 2617 nd

445 2648 587 2713 invicem
616 2646 793 2713 secundum
823 2645 1049 2712 diversitatem
1079 2652 1277 2732 aspectuum,
1301 2649 1356 2715 vel
1376 2649 1501 2736 projec-

446 2750 570 2815 tionem
603 2748 771 2814 radiorum
801 2746 1008 2814 invisibilem.
1054 2748 1100 2815 Et
1131 2747 1209 2833 quia
1241 2749 1284 2816 ab
1317 2749 1376 2817 illo
1407 2756 1500 2819 statu

447 2853 608 2940 parrlatim
631 2853 840 2926 recessenmt,
864 2853 899 2914 et
931 2849 1111 2915 secundum
1141 2849 1229 2916 huno
1259 2873 1420 2919 recessum
1441 2875 1500 2941 po-

445 2959 533 3019 nunt
554 2954 636 3019 vitae
668 2950 976 3022 determinationem
1000 2971 1103 3035 usque
1136 2950 1180 3017 ad
1211 2951 1354 3037 aliquem
1386 2956 1500 3022 tomi.

444 3076 524 3120 num
546 3055 659 3132 fixum,
687 3053 723 3116 in
745 3073 812 3137 quo
834 3052 897 3117 erit
919 3055 1035 3117 status.
1082 3051 1148 3118 Sed
1170 3052 1232 3120 hoo
1253 3054 1355 3122 habet
1376 3056 1500 3124 multae

444 3157 649 3221 conditiones
679 3159 713 3219 et
736 3152 955 3232 difficultates,
988 3153 1028 3216 de
1063 3153 1183 3238 quibus
1215 3176 1284 3221 non
1317 3160 1368 3223 est
1399 3159 1498 3225 modo

444 3257 627 3332 dicendum,
652 3261 687 3320 et
717 3255 787 3320 sive
810 3254 871 3319 hoe
893 3253 938 3318 sit
960 3274 1074 3318 verum
1098 3254 1168 3319 eive
1197 3276 1272 3335 non,
1295 3278 1424 3324 necesse
1446 3265 1498 3328 est

443 3357 587 3441 aliquam
622 3377 752 3421 oausam
784 3355 959 3440 assignare,
983 3376 1057 3438 quae
1079 3356 1175 3424 nobis
1206 3363 1359 3444 prompta
1380 3365 1431 3427 est
1463 3368 1498 3430 et

443 3456 550 3542 plana,
573 3457 627 3523 oui
650 3456 828 3521 contradici
858 3476 926 3519 non
948 3455 1046 3532 valet,
1079 3477 1179 3541 quam
1208 3458 1328 3525 scimus
1350 3483 1409 3546 per
1439 3484 1493 3529 ex·

442 3558 658 3645 perientiam3
693 3561 727 3621 et
757 3555 831 3620 ideo
854 3556 939 3620 ciros
960 3554 1052 3619 illam
1075 3558 1315 3643 negotiandum
1349 3567 1408 3641 est
1443 3566 1497 3632 uti

442 3664 600 3746 appareat
630 3657 789 3723 mirabilis
821 3662 856 3721 et
888 3655 1064 3721 ineffabilis
1097 3658 1224 3725 utilitas
1257 3670 1290 3728 et
1321 3664 1498 3750 magnifiee

443 3761 588 3827 scientiae
611 3758 883 3846 experimentalis,
908 3763 943 3823 et
977 3758 1168 3843 opperiatur
1190 3761 1263 3829 vita
1290 3762 1392 3848 juxta
1412 3765 1498 3835 illud

442 3869 601 3928 secretum
624 3865 820 3928 secretorum
836 3858 924 3944 quod
939 3859 1136 3925 Aristoteles
1152 3861 1330 3931 occultavit
1351 3865 1389 3932 in
1410 3867 1498 3939 libro

441 3965 494 4028 De
519 3963 691 4050 Regimine
715 3961 813 4026 Vitae.
859 3959 943 4025 Cum
973 3960 1060 4024 enim
1084 3962 1232 4046 regimen
1261 3965 1415 4034 sanitatis
1439 3969 1496 4038 ds·

442 4065 520 4129 beat
549 4087 617 4130 esse
648 4065 684 4128 in
714 4062 788 4128 cibo
818 4065 853 4125 et
881 4064 972 4147 potu,
995 4082 1108 4127 somno
1134 4067 1169 4128 et
1194 4064 1320 4152 vigilia,
1342 4072 1437 4137 motu
1459 4076 1496 4141 et

443 4166 561 4248 quiete,
585 4163 797 4231 evacuatione
820 4166 854 4227 st
883 4162 1074 4240 retentione,
1106 4164 1191 4229 atris
1214 4165 1435 4252 dispositione,
1459 4177 1496 4240 et

368 4330 371 4338 ,
442 4265 646 4349 passionibus
680 4265 790 4343 animi,
814 4267 850 4327 et
880 4262 950 4328 hose
972 4263 1068 4328 utin
1100 4263 1213 4331 debito
1234 4272 1494 4354 temperamento

441 4364 640 4430 haberentur
676 4367 719 4429 ab
763 4364 911 4442 infantia,
954 4363 994 4429 de
1031 4364 1083 4429 his
1103 4414 1105 4419 ⁴
1126 4368 1347 4452 temperandis
1382 4372 1494 4439 nullus

440 4464 612 4529 hominum
648 4465 715 4530 fere
751 4467 804 4529 vel
841 4469 943 4542 curat,
973 4465 1027 4530 vel
1056 4487 1116 4532 nec
1148 4468 1274 4547 medici,
1299 4471 1410 4556 quales
1432 4494 1493 4540 nos

440 4565 607 4645 vidimus3
659 4565 746 4653 quod
784 4566 824 4634 de
868 4565 1052 4667 millenario
1097 4569 1295 4638 medicorum
1332 4571 1392 4636 vix
1428 4574 1494 4640 erit
