3586 5640
306 780 421 867 criu]
729 797 817 847 orus
839 790 1000 846 usurum
1294 783 1359 848 26³

304 995 347 1039 cx
377 989 444 1060 qua
473 993 572 1037 nasus
600 971 697 1037 rubet
729 972 876 1037 anterius
907 976 941 1037 et
974 972 1113 1037 inflatur
1147 994 1184 1038 ec
1218 973 1246 1038 si
1274 979 1360 1039 esset

306 1077 461 1162 leprosus,
485 1081 598 1140 tamen
621 1074 763 1151 nonsit,
789 1075 845 1139 sed
867 1074 984 1140 similis
1008 1075 1046 1140 ei.

351 1177 368 1244 a‘
398 1183 476 1243 ante
491 1197 511 1243 r
526 1176 706 1255 breviatur,
718 1182 758 1241 ut
775 1177 933 1257 butirum,
953 1178 1133 1242 secundum
1148 1177 1295 1244 Macrum
1318 1183 1353 1244 et

311 1280 465 1357 Statium,
483 1285 517 1346 et
531 1281 710 1346 secundum
726 1278 884 1344 Graecum.
932 1277 977 1345 Et
993 1279 1119 1366 obliqui
1134 1278 1192 1346 isti
1208 1281 1360 1347 brevian-

308 1387 379 1448 tur:
400 1382 539 1464 Gadiris,
556 1381 713 1462 semiviri,
728 1382 919 1467 septemviri
927 1407 935 1462 ;
959 1381 1017 1447 sed
1031 1381 1144 1447 Jairus
1159 1385 1357 1469 producitur.

352 1484 369 1549 c'
401 1491 517 1550 antee
548 1486 730 1571 corripitur,
766 1491 805 1549 ut
836 1485 974 1548 anisum.
1033 1485 1254 1572 Excipiuntur
1285 1507 1360 1573 quae

308 1580 388 1639 nota
410 1581 495 1640 sunt.

352 1676 468 1742 iente
491 1682 505 1742 t
527 1677 690 1764 longatur,
715 1680 755 1741 ut
780 1675 941 1756 Tesbites,
967 1675 1166 1758 Sunamites,
1191 1676 1356 1757 (lechitus,

307 1778 603 1864 hermaphroditus,
635 1777 785 1854 lechitus,
809 1779 981 1865 parasitus,
1007 1781 1064 1865 qui
1087 1783 1137 1844 est
1159 1779 1291 1858 locator,
1324 1785 1359 1846 et

307 1879 499 1957 demolitus,
524 1879 613 1966 quod
647 1880 827 1966 aliquando
862 1878 978 1960 active,
1014 1881 1191 1967 aliquando
1228 1883 1359 1968 passive

308 1983 474 2070 accipitur,
499 1980 625 2048 oblitae
648 1982 691 2047 ab
730 1980 930 2064 obtineam
954 1982 1011 2048 sed
1034 1981 1159 2050 oblitae
1182 1985 1224 2050 ab
1247 1983 1361 2053 oblr'frao

307 2085 484 2150 breviatur.
523 2081 689 2150 Ambitus
711 2085 923 2171 participium
943 2086 1144 2172 producitur,
1160 2087 1218 2152 sed
1237 2107 1360 2154 nomen

307 2187 485 2252 brevietur.
532 2185 762 2253 Idolothttura
795 2187 973 2253 breviatur.
1025 2187 1113 2252 Nam
1140 2187 1211 2255 thio
1236 2189 1358 2269 Graece,

309 2289 397 2374 quod
420 2294 470 2354 est
492 2287 645 2375 sacrifico
669 2288 796 2369 Latine,
821 2291 922 2354 habet
944 2289 1084 2377 primam
1106 2290 1247 2357 brevem

350 2389 469 2456 tante
491 2411 512 2457 v
535 2390 736 2478 producitur,
761 2392 973 2479 excipiuntur
999 2391 1132 2471 Ninive,
1157 2393 1299 2472 semivir,
1324 2398 1360 2460 et

197 2553 198 2556 ,
310 2491 450 2557 velivox.

354 2617 373 2659 o
396 2600 474 2660 ante
491 2594 703 2676 cbreviatur‚
719 2600 760 2662 ut
776 2596 986 2684 Cappadoces
1001 2599 1181 2663 secundum
1200 2603 1358 2678 auctores,

309 2701 344 2762 et
359 2697 532 2764 mediocris
547 2699 584 2763 in
599 2721 704 2786 prosa,
720 2701 899 2765 secundum
915 2699 1121 2765 Priscianum
1137 2700 1178 2765 de
1194 2701 1350 2767 Accentu

353 2805 473 2866 eante
505 2797 529 2866 d
560 2799 741 2881 breviatur,
781 2807 820 2868 ut
851 2803 887 2866 in
919 2801 1004 2888 Lege
1027 2801 1241 2889 chiropodes3
1273 2802 1361 2869 excl-

307 2901 447 2991 piuntur
470 2924 543 2988 quae
565 2907 647 2968 nota
669 2906 755 2968 sunt.

353 3009 470 3071 oante
486 3005 509 3090 s
530 3003 709 3082 breviatur,
733 3008 774 3070 ut
797 3003 943 3084 Coloten,
968 3002 1136 3068 Demofon.

353 3127 372 3172 o
405 3111 485 3172 ante
517 3128 545 3172 u
575 3107 776 3195 producitur,
819 3112 858 3172 ut
897 3102 1024 3171 Adonis
1057 3105 1094 3169 in
1126 3104 1305 3187 Ezechiele,
1328 3112 1362 3173 et

309 3204 441 3274 Orionis
463 3206 501 3274 in
523 3209 621 3291 Iasio,
647 3215 681 3276 et
703 3210 739 3274 in
761 3209 785 3276 J
787 3206 836 3274 ob.
884 3207 952 3274 Sed
983 3207 1180 3274 breviantur
1202 3205 1303 3275 lconis
1319 3207 1361 3276 ab

309 3312 392 3392 icon,
430 3305 518 3398 quod
557 3319 608 3378 est
649 3312 765 3398 imago,
805 3318 839 3377 et
884 3309 1085 3377 Philemonis
1122 3335 1143 3376 a
1180 3311 1361 3379 Philemon.

312 3413 400 3480 Nam
423 3416 459 3478 in
483 3416 595 3480 Graeco
618 3416 743 3479 habent
766 3437 785 3481 o
807 3414 913 3480 breve.

354 3522 474 3582 oaute
501 3539 529 3604 p
561 3516 731 3583 breviatur
763 3539 896 3605 semper,
929 3515 1093 3604 excipitur
1115 3517 1284 3605 hyssopus,
1306 3520 1363 3604 qui

309 3637 479 3705 nunquam
503 3619 626 3707 poterit
648 3619 802 3699 breviari,
818 3620 895 3707 quia
915 3618 1069 3686 scribitur
1092 3642 1150 3707 per
1172 3619 1363 3707 olongum3

309 3727 343 3787 et
366 3723 440 3787 ideo
464 3744 578 3787 versus
611 3723 869 3810 grammaticalis
891 3722 992 3787 falsus
1019 3727 1079 3803 est,
1104 3721 1161 3807 qui
1184 3719 1363 3807 aliquando

309 3824 453 3889 breviari
475 3826 632 3904 concedit,
651 3827 777 3890 dicens:
856 3897 859 3901 ,

388 3971 406 3999 “
423 3964 598 4050 Hyssopus
621 3971 672 4030 est
695 3965 805 4042 herba,
829 3965 972 4050 hyssopo
996 3963 1163 4049 spargitur
1186 3963 1303 4030 unda.”

309 4107 376 4172 Sed
413 4110 563 4171 auctores
601 4106 790 4193 producunt
834 4127 893 4192 pro
932 4105 1040 4168 herba.
1088 4104 1187 4170 Unde
1225 4104 1365 4170 Bernar-

310 4206 372 4273 dus
395 4206 575 4274 Silvester:

395 4335 570 4402 “Pectoris
593 4335 695 4401 herba
716 4357 812 4401 cavas
833 4355 931 4421 rupes
953 4333 1072 4399 incidit
1093 4332 1265 4422 hysopus,'’

311 4466 357 4532 Et
396 4489 471 4533 cum
521 4468 684 4555 hyssopus
729 4489 790 4554 pro
835 4463 1014 4554 aspersorio
1052 4466 1201 4554 fingatur
1237 4465 1365 4554 longari

311 4575 445 4656 propter
461 4570 543 4636 illud
558 4570 681 4636 Psalmi
697 4571 728 4635 li.
742 4594 749 4634 ι
776 4575 794 4604 ‘⁶
806 4570 971 4656 Asperges
985 4590 1046 4650 me,
1064 4568 1215 4648 Domine,
1224 4569 1367 4657 hyssopo

313 4677 330 4706 “
357 4677 392 4737 et
415 4673 627 4752 mundabor,’'
654 4693 744 4739 error
766 4676 839 4754 est;
873 4689 950 4737 narn
972 4669 1021 4736 ibi
1044 4672 1186 4737 sumitur
1207 4671 1368 4758 hyssopus

312 4795 372 4860 pro
395 4772 505 4857 herba,
529 4775 615 4841 sicut
638 4776 864 4864 Hieronymus
886 4774 1023 4862 exponit
1043 4773 1138 4839 illum
1160 4795 1299 4840 versum.
