3586 5640
305 1339 666 1434 corruamus
719 1340 904 1431 sunan
952 1311 1356 1432 rurrac'scrffln.1

351 1780 524 1865 Qunuucn
553 1785 633 1848 sunt
664 1781 902 1848 consideranda
936 1781 1021 1848 eirca
1054 1780 1251 1868 sapientiam
1282 1802 1357 1867 quae
1371 1787 1462 1854 Objeec
1472 1784 1509 1856 οι,

306 1886 382 1951 volo
417 1885 461 1951 ad
495 1907 637 1973 praesens
664 1885 701 1950 in
732 1906 861 1951 summa
883 1889 917 1951 et
939 1883 1001 1950 sub
1034 1884 1227 1970 compendio
1263 1884 1357 1971 quasi
1369 1856 1489 1974 &w

306 1987 561 2054 introductionis
584 1988 682 2054 modo
704 1992 849 2074 tangere,
874 1986 978 2052 donec
999 1987 1233 2074 opportunitas¹
1254 1986 1359 2074 major

305 2091 432 2156 accidat
453 2095 494 2156 ut
516 2089 723 2178 explicentur
744 2089 876 2177 singula
898 2089 934 2154 in
956 2089 1155 2176 particulari,
1171 2097 1206 2155 et
1226 2089 1262 2155 in
1284 2111 1361 2178 pro·

306 2193 379 2278 pria
402 2191 586 2279 disciplina.

353 2293 501 2360 Primum
523 2316 604 2360 vero
634 2293 773 2360 istorum
803 2293 906 2360 trium
936 2293 973 2360 in
1004 2293 1119 2360 ordine
1149 2299 1200 2361 est
1222 2299 1262 2360 ut
1283 2315 1359 2361 con-

306 2395 495 2474 sideremus,
520 2419 594 2482 quae
628 2396 697 2462 sint
735 2418 841 2463 caueae
871 2400 906 2462 et
928 2395 1072 2462 rationes
1106 2402 1240 2485 propter
1278 2418 1360 2484 quas

309 2498 407 2564 debet
429 2498 535 2563 omnis
565 2498 672 2576 horno,
696 2502 731 2564 et
752 2519 880 2564 necesse
902 2504 953 2565 est
975 2499 1014 2578 ei,
1038 2503 1077 2564 ιιι
1108 2521 1235 2588 semper
1264 2503 1361 2566 vacet

309 2599 492 2687 sapientise,
516 2599 639 2666 scilicet
661 2605 721 2666 aut
735 2599 772 2664 in
786 2599 1006 2687 speculatione
1028 2601 1145 2667 autin
1168 2600 1361 2668 executione

308 2707 344 2768 et
366 2724 429 2768 usu
451 2702 529 2787 ejus,
554 2724 613 2790 pro
636 2723 670 2768 se
693 2706 728 2768 et
750 2702 822 2768 aliis
845 2702 1033 2791 dirigendis.

354 2805 545 2872 Secundum
579 2826 658 2870 vero
695 2810 755 2884 est,
779 2809 819 2870 ιιι
850 2826 1000 2891 quaerens
1033 2804 1247 2891 Sapientiam,
1279 2805 1361 2872 sciat

308 2907 511 2974 considerare
543 2929 618 2994 quae
652 2907 721 2972 sint
743 2907 925 2972 necessaria
955 2907 998 2971 ad
1030 2928 1069 2970 ea
1100 2928 1173 2993 quse
1211 2912 1290 2972 sunt
1321 2908 1363 2974 de

308 3009 379 3097 ejus
413 3009 616 3097 integritate,
640 3030 682 3073 ne
706 3007 928 3074 confundatur
959 3008 1110 3074 vanitate
1132 3007 1304 3095 superflua,
1328 3012 1364 3074 et

310 3111 469 3178 membris
492 3111 662 3199 sapientiae
684 3111 843 3196 langueat
865 3108 1049 3175 mutilatus.

354 3213 503 3280 Tertium
554 3217 613 3292 est,
651 3216 691 3277 ut
729 3210 916 3298 negotiator
966 3210 1168 3298 sapientislis
1205 3211 1364 3301 percipiat

309 3316 423 3382 modos
446 3320 481 3382 et
510 3313 583 3380 vias
606 3313 725 3399 quibus
758 3334 831 3378 eam
863 3311 961 3380 debet
981 3313 1153 3400 requirere,
1177 3320 1213 3382 et
1233 3337 1364 3403 promo·

311 3443 396 3501 vere,
424 3430 459 3487 et
496 3419 658 3507 perficere,
690 3424 760 3485 tam
797 3419 834 3484 in
871 3440 967 3506 opere
1004 3441 1103 3507 quam
1141 3421 1363 3489 scientialiter.

313 3524 400 3604 Quia
421 3529 472 3588 est
494 3522 611 3587 modus
634 3521 670 3586 in
692 3521 790 3587 rebus
821 3521 1064 3611 omnibusque
1087 3524 1145 3610 qui
1166 3531 1257 3591 caret
1278 3548 1362 3591 nun-

311 3647 410 3712 quam
447 3623 492 3690 ad
528 3623 630 3689 finem
668 3622 819 3690 debitum
857 3623 996 3711 alicujus
1038 3626 1087 3690 rei
1121 3627 1246 3713 poterit
1289 3648 1363 3714 per·

312 3749 432 3794 venne.

358 3829 524 3910 Quartum
551 3832 609 3905 est,
633 3831 673 3893 ut
696 3827 779 3893 sciat
812 3828 993 3915 prudenter
1023 3829 1196 3895 advertere
1226 3829 1364 3917 impedi·

312 3935 427 3997 menta
449 3929 629 4018 sapientiae,
654 3933 689 3996 et
711 3928 885 3997 efficaciter
907 3929 1016 3997 vitare
1038 3931 1104 4010 illa,
1127 3932 1279 3998 remediis
1308 3955 1365 4000 ex·

312 4033 450 4123 quisitis.

310 4236 552 4245 *φα-...οφ-
559 4235 654 4244 -...-.-..-
663 4237 673 4243 ..
685 4234 764 4243 v—--—.

348 4359 480 4411 ΙῪιιὶοιιι
497 4358 565 4410 titles
581 4371 674 4422 appear
691 4357 742 4408 and
758 4356 823 4408 have
861 4360 877 4384 ‘⁸
893 4356 1096 4412 Buconia''-“
1108 4359 1179 4426 Opus
1210 4361 1297 4414 Minna
1325 4361 1366 4414 rel

314 4442 377 4491 been
398 4434 484 4491 erased
501 4442 536 4505 by
553 4430 595 4490 the
616 4454 684 4490 seme
707 4438 774 4488 hand
796 4453 824 4488 as
862 4440 876 4464 ‘·
895 4436 1218 4506 Secundum.”-⁴‘lncipit
1240 4441 1365 4507 Compen-

315 4521 359 4570 the
375 4521 484 4587 bedyol
496 4519 539 4570 the
556 4518 613 4570 MS.
647 4519 688 4570 Sc.
706 4512 823 4583 “Incipit
860 4515 964 4566 “dium
992 4516 1074 4568 studii
1096 4518 1241 4586 Theologia
1268 4519 1366 4573 unuin

316 4595 333 4627 ⁸¹
352 4599 422 4663 Opus
451 4598 538 4648 Minus
565 4605 591 4648 et
613 4596 757 4648 Secundum
782 4597 823 4646 vel
860 4599 875 4626 “
894 4595 989 4662 Rogerl
1000 4596 1133 4650 Bacenis?

316 4680 331 4708 ⁸¹
349 4677 464 4730 Secunda
476 4677 606 4742 Scriptum
616 4673 713 4728 uraris
729 4675 823 4742 {lugeri
