3586 5640
707 833 795 883 OPUS
816 829 977 884 ssssmmt

755 1140 834 1208 Cer.
859 1140 906 1206 ΙΙ.

349 1344 420 1410 SED
442 1351 554 1411 tamen
578 1345 704 1423 dilatio,
729 1367 802 1431 quae
834 1345 922 1411 sacta
944 1349 1005 1426 est,
1028 1346 1141 1411 evcnit
1163 1343 1354 1411 necessario¹
1369 1324 1524 1426 Theonis·

304 1454 339 1515 et
361 1453 476 1514 contra
498 1470 605 1514 meam
629 1447 846 1526 voluntatem,
869 1455 904 1514 et
935 1448 1024 1514 dolui
1057 1449 1156 1514 nimis
1185 1470 1224 1514 sc
1255 1412 1517 1545 d01e0.2ssss}‚¹iy„}{

306 1551 384 1616 Non
405 1551 494 1617 enim
517 1549 651 1637 quando
673 1550 792 1615 ultimo
818 1550 993 1637 scripsistis
1020 1551 1156 1616 fuerunt
1178 1552 1357 1637 composita
1369 1496 1484 1660 {tuph

304 1675 379 1740 quse
397 1652 551 1739 jussistis,
575 1654 653 1719 licet
675 1654 736 1718 hoc
758 1653 945 1719 credebatis.
992 1652 1081 1718 Nam
1113 1654 1149 1718 in
1176 1653 1242 1719 alio
1265 1661 1355 1720 statu
1368 1626 1510 1733 efflui:

305 1778 373 1821 non
395 1756 457 1821 ieci
480 1755 640 1843 scriptum
663 1755 797 1842 aliquod
820 1755 1045 1842 philosophiae,
1067 1777 1128 1821 nec
1150 1757 1186 1821 in
1217 1756 1288 1836 hoc,
1321 1757 1356 1822 in

306 1880 372 1945 quo
398 1880 471 1923 sum
494 1857 601 1939 modo,
624 1858 673 1923 fui
696 1858 872 1944 requisitus
895 1881 916 1923 a
937 1857 1084 1946 praelatis
1106 1858 1231 1937 meis⁹;
1257 1860 1393 1925 immol.
1411 1867 1468 1919 'rho

305 1960 394 2026 facta
416 1965 467 2026 est
487 1961 682 2026 constitutio
704 1961 815 2047 gravis
830 1962 865 2025 in
881 1961 1092 2038 scunarium,
1108 1961 1169 2025 sub
1195 1968 1358 2050 praecepto
1369 1935 1520 2054 ffiffif

307 2069 344 2129 et
365 2085 466 2150 poena
489 2063 677 2128 amissionis
699 2061 786 2143 libri,
810 2068 843 2128 et
862 2062 990 2148 jejunio
1022 2062 1058 2126 in
1089 2084 1174 2149 pane
1207 2069 1242 2129 et
1273 2067 1503 2150 aquatisorder·

306 2165 459 2254 pluribus
481 2165 606 2246 diebus,
640 2167 668 2230 si
702 2164 837 2251 aliquod
859 2165 1019 2251 scriptum
1041 2164 1164 2230 fastum
1189 2166 1277 2252 apud
1299 2188 1360 2230 nos

306 2268 381 2334 aliis
402 2269 667 2334 communicetur.
713 2267 779 2333 Sed
803 2267 900 2333 scribi
923 2288 990 2333 non
1013 2273 1122 2353 posset
1144 2267 1259 2334 littera
1272 2268 1360 2333 bona

307 2371 373 2435 nisi
395 2393 453 2458 per
474 2371 646 2458 scriptores
668 2370 795 2436 alienos
817 2393 838 2436 a
860 2374 951 2435 statu
974 2376 1097 2450 nostra,
1131 2376 1166 2437 et
1197 2371 1247 2436 illi
1279 2377 1359 2437 tunc

306 2473 567 2539 transcriberent
599 2495 659 2560 pro
692 2494 735 2550 se,
759 2473 814 2538 vel
839 2473 923 2554 aliis,
957 2472 1074 2539 vellem
1108 2474 1239 2554 nollem,
1273 2475 1359 2541 sicut

306 2575 485 2662 saepissime
508 2575 629 2662 scripta
651 2596 709 2662 per
739 2574 872 2641 fraudes
904 2575 1101 2663 scriptorum
1131 2576 1276 2642 Parisius
1310 2577 1360 2642 di-

307 2679 498 2765 vulgantur.
544 2677 589 2743 Et
612 2683 699 2743 certe
722 2677 751 2743 si
773 2679 953 2765 potuissem
976 2678 1076 2744 libere
1095 2681 1357 2760 communicasse,
1373 2700 1395 2746 r.
1413 2694 1469 2746 Tne

307 2802 368 2868 ego
391 2802 450 2867 pro
472 2781 574 2846 fratrc
597 2801 670 2845 meo
692 2779 839 2857 scholari,
856 2787 890 2846 et
912 2781 986 2844 aliis
1009 2781 1122 2844 amicis
1146 2782 1242 2845 rneis²
1263 2783 1358 2846 caris·
1372 2762 1493 2878 ffiffil
1502 2761 1532 2810 of

307 2883 400 2947 simis
431 2881 538 2946 multa
560 2883 820 2968 composuissem.
867 2880 933 2946 Sed
965 2881 1097 2966 quando
1126 2881 1298 2966 desperavi
1321 2883 1442 2974 deum·
1483 2844 1501 2892 g

307 2984 601 3050 communicatione
617 2983 748 3071 neglexi
764 3004 954 3069 componere
970 3006 977 3061 ;
993 2982 1081 3046 unde
1096 2982 1228 3067 quando
1244 2989 1362 3049 vestrae
1374 2961 1487 3012 scum.

307 3087 423 3174 gloriae
446 3085 553 3151 obtuli
576 3090 816 3173 mperatum,
845 3083 1024 3149 certissime
1052 3083 1164 3150 sciatis
1187 3085 1275 3170 quod
1301 3085 1363 3150 hoc

308 3189 375 3254 suit
412 3209 472 3275 pro
509 3188 640 3274 scriptis
671 3187 838 3266 faciendis,
873 3186 1021 3251 nondum
1060 3187 1178 3266 factis;
1216 3193 1250 3253 et
1288 3187 1363 3252 ideo

311 3290 518 3358 Reimundus
550 3291 591 3356 de
615 3290 784 3370 Lauduno,
817 3289 951 3355 clericus
978 3295 1095 3367 vester,
1130 3289 1195 3355 fuit
1228 3291 1363 3357 omnino

309 3395 473 3481 deceptus,
498 3392 631 3479 quando
653 3391 722 3479 ipsc
755 3393 795 3457 de
828 3414 879 3457 me
913 3391 1008 3458 vobis
1041 3393 1119 3459 iecit
1153 3395 1363 3459 mentionem.

311 3497 404 3562 Licet
438 3495 526 3561 enim
560 3495 672 3580 aliqua
706 3495 850 3581 capitula
883 3495 924 3560 de
958 3495 1097 3561 diversis
1130 3497 1287 3577 materiis,
1322 3496 1364 3560 ad

308 3599 505 3664 instantiam
528 3596 716 3677 amicorum,
741 3597 939 3683 aliquotiens
954 3619 1044 3663 more
1068 3598 1260 3663 transitorio
1279 3619 1364 3663 com·

310 3701 424 3788 pilavi,
449 3700 510 3764 hoc
537 3721 605 3764 non
640 3703 691 3764 cst
724 3699 883 3785 scripturn
916 3698 1050 3784 aliquod
1084 3700 1279 3777 notandum,
1304 3721 1364 3764 nec

311 3810 430 3870 vestrae
461 3803 632 3890 sapientise
666 3803 880 3881 offerendum,
907 3824 980 3867 eum
1015 3808 1050 3867 et
1083 3823 1143 3889 ego
1176 3803 1364 3889 hujusmodi

311 3909 452 3995 negligo,
491 3906 569 3993 quia
617 3904 703 3970 nihil
740 3904 935 3970 continuum
979 3909 1039 3984 est,
1078 3925 1137 3969 nec
1173 3904 1364 3991 perfectum.

312 4011 477 4077 Caeterum
510 4006 707 4095 magnitudo
739 4012 775 4071 et
806 4005 985 4070 auctoritas
1016 4010 1135 4072 vestrae
1172 4007 1400 4074 reverentiaes.
1419 4015 1516 4068 Would

312 4135 364 4178 me
390 4112 450 4176 diu
473 4109 592 4187 tenuit,
620 4109 768 4174 nesciens
799 4107 915 4173 statim
941 4107 1030 4194 quod
1064 4107 1203 4195 dignum
1236 4132 1364 4198 possem
1376 4084 1484 4216 ffling

312 4214 434 4279 offerre.
481 4211 527 4277 Et
556 4233 631 4277 cum
654 4209 859 4276 consideravi
889 4211 976 4296 quod
1007 4211 1093 4276 nihil
1122 4217 1242 4279 vestrae
1272 4214 1534 4282 celsi-bullein-

313 4315 426 4383 tudini
464 4313 584 4381 debeat
621 4311 815 4400 praesentari
848 4311 914 4378 nisi
941 4313 1029 4399 quod
1060 4313 1105 4380 sit
1141 4317 1363 4404 magnificum,
1376 4284 1529 4335 mmmm

347 4682 353 4711 ¹
359 4682 437 4746 sarta
476 4687 521 4740 eal,
549 4677 628 4728 creuit
666 4675 813 4740 necessario]
839 4671 849 4806 q
893 4669 985 4734 ²sireis]
1004 4685 1053 4721 om.
1067 4670 1094 4721 13.
1106 4669 1136 4719 L·
1151 4670 1184 4722 U.

315 4761 389 4821 iacta,
404 4756 545 4811 necessario
562 4753 655 4817 evenit,
671 4755 701 4806 L.
