3586 5640
304 787 393 878 nnn]
700 804 787 855 orus
809 803 969 856 rnarrmr
1292 793 1355 857 201

304 979 429 1044 Tantus
451 978 550 1043 etiam
574 978 610 1040 in
633 977 785 1064 operibus
809 977 875 1043 Sex
892 978 1029 1043 Diemm
1045 978 1184 1063 requirit
1204 979 1358 1045 notitiam
1370 993 1513 1058 Especially

303 1081 346 1146 de
376 1080 584 1161 ooelestibus;
615 1088 649 1145 et
682 1079 718 1143 in
741 1080 852 1156 Josua,
876 1090 911 1146 et
932 1077 988 1143 iu¹
1024 1079 1134 1145 Libris
1157 1081 1293 1167 Regum,
1325 1061 1528 1177 “triticiam

304 1183 412 1264 Esaia,
436 1184 477 1248 de
511 1181 720 1269 longitudine
752 1182 818 1247 diei
850 1182 886 1246 in
918 1181 1085 1268 horologio
1109 1182 1230 1262 thaz,
1254 1189 1288 1248 et
1321 1183 1356 1248 in
1368 1202 1395 1245 to
1406 1194 1448 1244 the
1456 1193 1518 1257 phe-

305 1285 509 1365 Ecclesiaste,
533 1307 607 1351 cum
631 1284 784 1350 dicatur:
809 1282 957 1348 “Oritur
979 1284 1027 1349 sol
1049 1290 1084 1349 et
1106 1286 1233 1365 oceidit,
1256 1290 1291 1350 et
1313 1285 1356 1350 ad
1369 1276 1428 1376 {¹1:2¹¹
1423 1260 1517 1376 312,οἰ

305 1397 324 1423 “
346 1410 443 1453 auum
466 1384 589 1452 locum²
611 1387 806 1452 revertitur:
830 1397 932 1472 gyrat
953 1409 1012 1473 per
1033 1387 1213 1464 meridiem,
1226 1397 1259 1452 et
1282 1388 1356 1453 fleo·
1368 1401 1469 1459 system.

305 1497 324 1526 “
347 1491 430 1556 titur
452 1490 494 1555 ad
518 1487 733 1574 aquilonem.”
779 1488 824 1553 Et
855 1488 891 1552 in
915 1488 1150 1570 Ecclesiastieo,
1174 1489 1356 1577 quadrage·

304 1591 387 1658 simo
410 1593 507 1658 tertio
530 1591 683 1678 capitulo,
699 1590 740 1656 de
762 1589 942 1656 altitudine
964 1591 1176 1672 firmamenti,
1193 1601 1227 1657 et
1242 1592 1357 1658 multia

305 1718 378 1780 quae
400 1695 437 1759 in
459 1694 517 1760 illo
539 1693 683 1780 capitulo
718 1694 951 1773 eontinentur;
983 1700 1018 1759 et
1041 1694 1077 1757 in
1098 1694 1174 1772 Job,
1198 1694 1238 1759 de
1262 1695 1356 1780 Hya·

306 1798 410 1876 dibus,
434 1806 468 1863 et
491 1796 687 1876 Pleiadibus,
711 1800 746 1860 et
777 1793 921 1873 Orione,³
945 1801 979 1861 et
1001 1796 1152 1874 Arctum,
1177 1802 1212 1862 et
1244 1797 1356 1882 hujus-

306 1901 403 1965 modi.
451 1900 496 1964 Et
518 1900 565 1965 sio
590 1921 648 1985 per
671 1899 802 1964 diversa
827 1898 900 1963 loca
926 1897 1114 1984 Scriptura.
1160 1899 1206 1965 Et
1237 1899 1355 1964 Hiero-

305 2024 425 2088 nymus
464 2002 544 2068 dicit
582 2023 678 2088 super
708 1999 840 2065 Esaiam
878 2001 919 2065 de
957 2000 1088 2081 Orione,
1123 2001 1212 2087 quod
1257 2000 1358 2067 habet

306 2105 428 2192 viginti
462 2105 545 2169 duas
577 2104 698 2181 stelles,
742 2124 879 2189 quarum
908 2124 1028 2169 novem
1062 2102 1177 2189 primae
1208 2109 1287 2169 sunt
1320 2103 1357 2168 iu

306 2208 406 2273 tertia
428 2206 668 2294 magnitudine,
701 2210 735 2272 et
758 2228 876 2270 novem
900 2205 1038 2271 residuae
1061 2205 1097 2270 in
1121 2210 1242 2291 quarta
1265 2227 1357 2293 mag-

306 2309 468 2387 nitudine,
503 2317 538 2374 et
561 2319 704 2394 quatuor
725 2308 801 2374 aliae
828 2308 863 2371 in
886 2308 1006 2394 quinta
1037 2309 1288 2395 magnitudine;
1322 2313 1357 2374 et

305 2412 351 2478 sic
373 2413 414 2477 de
437 2411 551 2477 multis
574 2433 648 2496 quae
671 2411 707 2474 in
730 2410 944 2497 originalibus
975 2420 1162 2476 sanctorum
1194 2412 1357 2492 dicuntur,

308 2537 381 2600 quas
418 2513 529 2579 nullus
561 2514 601 2579 de
633 2513 734 2600 vulgo
768 2512 992 2600 theologorum
1024 2519 1135 2600 potest
1166 2513 1358 2601 intelligere.

308 2617 396 2682 Nam
419 2617 463 2681 ad
484 2615 737 2701 intelligendum
764 2615 825 2680 hoe
847 2616 984 2681 verbum
1008 2615 1206 2702 Hieronymi
1229 2622 1359 2704 oportet

308 2720 422 2786 videre
455 2724 609 2784 octavum
643 2717 765 2783 librum
791 2717 983 2804 Almagesti‚
1015 2719 1074 2783 ubi
1107 2719 1359 2806 distinguuntur

308 2821 552 2909 magnitudines
590 2820 759 2886 stellarum
797 2820 946 2885 fixarum.
994 2819 1158 2900 Quoniam
1191 2843 1249 2886 sex
1280 2825 1360 2886 aunt

307 2923 553 3011 magnitudines
576 2945 697 3000 earum,
722 2922 763 2987 de
786 2943 926 3006 quarum
950 2922 1058 2986 tribus
1089 2922 1143 2987 hio
1165 2924 1203 2988 fit
1226 2925 1359 2988 mentio.

309 3027 422 3092 Stellae
445 3026 481 3091 in
504 3025 613 3112 prima
636 3023 864 3112 magnitudine
888 3030 967 3088 sunt
991 3022 1188 3107 quindecim,
1212 3033 1246 3089 et
1270 3046 1358 3109 quae-

307 3127 390 3195 libet
412 3151 525 3194 aarum
555 3132 606 3192 est
628 3127 701 3214 plus
733 3147 832 3212 quam
867 3125 989 3191 centies
1023 3125 1127 3211 major
1158 3130 1230 3191 tota
1262 3132 1359 3191 terra

311 3230 426 3296 Plures
464 3236 576 3296 autem
614 3234 695 3294 sunt
728 3228 764 3292 in
798 3233 894 3293 sexta
931 3227 1171 3315 magnitudine,
1197 3251 1271 3314 quae
1309 3233 1360 3294 est

309 3334 454 3411 minima,
485 3343 519 3400 et
553 3331 710 3419 quaelibet
741 3352 854 3396 earum
886 3335 936 3396 est
968 3330 1073 3396 deoies
1106 3331 1207 3397 octies
1238 3329 1360 3417 major⁴

311 3441 384 3501 tota
416 3441 513 3502 terra.
559 3434 626 3501 Sed
660 3434 700 3500 de
735 3433 786 3498 his
809 3432 946 3498 inferius
967 3432 1003 3497 in
1026 3433 1132 3520 Opere
1167 3435 1286 3521 Majori
1319 3436 1360 3500 fit

309 3538 469 3626 expositio
492 3535 663 3615 sufficiens,
687 3541 728 3601 ut
751 3546 885 3622 tangam
907 3557 967 3600 suo
988 3535 1067 3602 loeo.

297 3653 301 3661 '
355 3639 516 3706 Similiter
545 3661 642 3726 super
671 3637 754 3703 illud
782 3637 1002 3715 Ecclesiastes,
1047 3638 1140 3703 “Sol
1170 3636 1294 3704 oritur⁵
1325 3644 1360 3705 et

310 3750 329 3780 “
352 3741 501 3824 occidit,''
531 3741 613 3807 dicit
651 3739 878 3826 Hieronymus
915 3740 950 3805 in
985 3740 1144 3826 originali,
1176 3742 1264 3826 quod
1301 3740 1361 3806 hoo

309 3844 449 3911 verbnm
483 3866 550 3910 non
589 3842 695 3908 solum
727 3841 928 3928 intelligitur
965 3841 1006 3908 de
1038 3847 1133 3907 motu
1162 3864 1282 3920 annuo,
1304 3843 1361 3908 aed

311 3947 440 4014 diurno.
502 3946 567 4012 Sed
606 3943 717 4009 nullus
747 3949 797 4009 est
826 3943 924 4009 homo
956 3943 1006 4010 ita
1034 3944 1160 4030 peritus
1189 3945 1226 4009 in
1255 3950 1362 4011 astro·

310 4049 423 4116 nomia
463 4048 520 4136 qui
561 4047 642 4113 eatis
681 4045 819 4112 haberet
859 4045 919 4111 hoo
949 4046 1076 4111 salvare
1106 4052 1141 4112 et
1171 4046 1361 4134 intelligere.

311 4152 482 4238 Requisivi
507 4150 595 4217 enim
625 4147 841 4236 peritissimos
871 4169 968 4235 super
998 4147 1059 4214 hoo
1089 4154 1123 4214 et
1153 4149 1363 4216 nesciverunt

309 4255 514 4344 respondere.
572 4252 662 4318 Nam
693 4273 714 4316 a
743 4249 885 4317 solstitio
925 4250 1066 4317 aestivali
1095 4273 1197 4340 usque
1227 4253 1270 4318 ad
1299 4253 1361 4320 sol-

312 4450 480 4460 ψ...-
485 4444 884 4457 ..mm-..-mma-

344 4563 350 4594 ¹
369 4571 392 4613 ct
403 4561 441 4628 in]
460 4578 508 4612 om.
521 4561 551 4611 T.
882 4560 891 4589 ⁴
908 4559 996 4627 major]
1015 4576 1064 4612 om.
1076 4562 1106 4614 Β.

342 4643 437 4692 ‘auam
447 4639 535 4707 locum]
555 4641 638 4692 locum
648 4655 730 4702 suum,
748 4638 779 4688 Τ.
883 4641 892 4669 ³
908 4638 1044 4707 adoritur]
1063 4641 1143 4695 oritur
1153 4642 1199 4706 sol,
1217 4640 1248 4696 T.
1261 4641 1275 4692 i.
1291 4648 1314 4694 δι

343 4720 353 4752 ¹
368 4720 472 4787 Orione]
491 4736 545 4786 cap.
558 4719 610 4774 xiii
622 4725 660 4774 12.
676 4768 680 4781 ,
