3586 5640
710 777 797 828 OPUS
819 778 979 829 TERTIUM.

742 1076 821 1142 Ona.
847 1075 921 1142 LII.

352 1252 443 1321 Hac
465 1254 569 1341 igitur
591 1276 666 1340 quae
691 1254 764 1341 jam
795 1257 854 1322 diu
885 1255 1033 1343 protraxi
1056 1256 1097 1321 de
1120 1277 1234 1334 vacuo,
1258 1260 1294 1322 et
1315 1257 1356 1323 de
1369 1276 1528 1356 remissor

306 1356 539 1423 immobilitate
568 1362 603 1422 et
636 1357 802 1424 localitate
833 1357 926 1424 subet
911 1357 1094 1424 tantiarum
1125 1344 1492 1462 spiritualium,{g⁵0“¹¹²⁸

305 1463 341 1525 ct
363 1458 404 1524 de
425 1481 507 1536 aevo,
530 1464 702 1526 annectere
723 1459 823 1538 volui,
847 1465 980 1547 propter
1002 1461 1064 1526 hoc
1086 1460 1174 1546 quod
1196 1465 1275 1527 aunt
1297 1483 1357 1526 an·
1368 1411 1490 1529 llouldl·

306 1581 393 1627 nexa
422 1561 595 1647 prioribus,
627 1561 784 1647 quoniam
821 1563 982 1629 reducunt
967 1568 1024 1629 tur
1056 1563 1100 1629 ad
1133 1564 1356 1648 quantitatem
1369 1543 1518 1663 ξίᾚξῑι

306 1687 380 1751 quae
402 1665 614 1751 consequitur
635 1665 679 1731 ad
710 1670 864 1731 naturam
896 1666 1052 1745 materiae,
1076 1669 1111 1731 et
1133 1666 1358 1752 quantitatem

306 1789 405 1854 quam
436 1767 617 1855 geometria
648 1768 841 1835 considerat
896 1768 943 1835 Et
965 1758 1044 1856 quia
1074 1769 1144 1835 haec
1167 1768 1359 1836 difficillima

306 1874 393 1948 sunt,
429 1871 573 1958 cogitavi
605 1871 694 1958 quod
726 1871 762 1936 in
795 1871 905 1959 aliquo
929 1893 1064 1959 operum
1096 1870 1167 1938 haec
1200 1876 1358 1938 notarem.

306 1971 372 2038 Sed
393 1972 429 2037 in
451 1973 558 2058 primo
587 1977 622 2038 et
655 1975 796 2040 secundo
818 1979 967 2040 autnon
989 1973 1133 2039 multum
1156 1974 1299 2060 cogitavi
1318 1975 1358 2040 de

306 2074 361 2154 eis,
377 2079 417 2140 ιιι
431 2075 592 2142 excitarer
606 2075 650 2141 ad
671 2076 889 2158 scribendum,
912 2080 972 2142 aut
987 2081 1122 2164 propter
1136 2077 1358 2162 quantitatem

306 2198 441 2263 operum
473 2177 616 2245 libenter
647 2179 752 2259 omisi,
776 2184 811 2245 et
842 2184 976 2266 propter
1008 2179 1070 2246 hoc
1092 2179 1181 2265 quod
1214 2179 1358 2244 multum

305 2279 342 2343 in
363 2280 429 2344 illis
450 2280 614 2348 festinavi.
657 2281 756 2347 Nunc
778 2286 890 2349 autem
912 2281 987 2348 volo
1009 2282 1163 2371 prosequi
1184 2283 1357 2349 materiam

307 2381 410 2447 Primi
434 2381 559 2471 Operis.

732 2563 810 2633 Car
835 2563 931 2633 LIII.

351 2702 569 2784 Posrouln
559 2703 605 2794 igi
607 2709 663 2772 tur
607 2705 799 2773 thabita
820 2713 871 2774 est
892 2681 1092 2795 comparatio
1114 2703 1305 2775 mathemat
1281 2713 1356 2776 trcoe
1368 2723 1481 2782 rieul

305 2809 349 2876 ad
371 2832 423 2876 res
445 2815 480 2876 et
502 2808 656 2876 scientias
678 2809 903 2897 philosophiae,
926 2812 1117 2876 secundario
1146 2815 1357 2898 comparatur
1368 2794 1512 2914 ”nm

306 2914 349 2978 ad
371 2912 543 2979 scientiam
564 2910 780 3000 theologiae3¹
803 2917 838 2978 et
860 2912 908 2977 ibi
939 2911 1045 3000 primo
1080 2913 1215 2978 docetur
1237 2913 1354 2978 hocin
1368 2930 1453 2980 aaa

306 3013 494 3096 universali,
517 3013 719 3081 secundom
741 3013 940 3101 particulari
1369 2995 1497 3062 ΜΨ·

350 3117 576 3185 consideratio
597 3137 677 3184 vero
710 3119 747 3182 in
768 3116 949 3183 universali
971 3117 1035 3183 erit
1057 3136 1116 3204 per
1137 3115 1221 3197 hoc;
1252 3115 1358 3205 primo

306 3241 364 3307 per
400 3219 629 3287 necessitatem
663 3218 877 3286 scientiarum
911 3225 946 3286 et
978 3241 1097 3287 rernm.
1156 3219 1247 3286 Nam
1285 3241 1359 3286 curn

306 3323 451 3390 scientiae
482 3323 556 3391 alias
593 3328 673 3390 sunt
705 3323 894 3390 neccssaria
927 3323 1109 3411 theologiae,
1148 3328 1183 3390 et
1215 3322 1360 3411 cognitio

308 3447 418 3492 rerum
457 3431 651 3508 creatarum,
675 3446 750 3513 quae
781 3431 952 3514 ponuntur
984 3425 1020 3491 in
1046 3425 1145 3492 Sacra
1182 3426 1361 3513 Scriptura,

306 3529 457 3595 similiter
478 3528 660 3596 necessaria
689 3535 747 3607 eat,
779 3536 861 3595 tunc
890 3532 984 3616 patet
1009 3529 1097 3614 quod
1127 3529 1361 3594 mathematica

305 3631 488 3698 necessaria
510 3636 562 3698 est
584 3631 763 3719 Scriptura
787 3630 906 3712 Sacrae,
922 3631 1001 3718 quia
1023 3632 1093 3696 sine
1109 3631 1167 3696 illa
1188 3653 1241 3696 res
1262 3631 1361 3716 hujus

306 3735 423 3802 mundi
445 3741 481 3802 ct
502 3735 648 3802 scientiae
679 3755 748 3801 non
781 3737 920 3822 possunt
951 3734 1109 3821 cognosci,
1132 3739 1172 3799 ut
1194 3737 1360 3799 ostensum

306 3843 365 3904 eet.
403 3836 555 3904 Secundo
578 3837 714 3903 ostendo
729 3836 790 3903 hoc
813 3857 872 3925 per
894 3841 1032 3902 sanctos.
1072 3835 1159 3900 Nam
1184 3833 1290 3900 sancti
1311 3834 1362 3899 in·

305 3945 471 4006 venerunt
501 3944 537 4006 et
567 3939 815 4026 compleverunt
845 3937 931 4005 hanc
965 3938 1137 4004 scientiam
1159 3959 1180 4001 a
1201 3935 1362 4023 principio

306 4043 431 4122 mundi,
454 4042 576 4109 scilicet
598 4041 660 4107 filii
682 4041 777 4124 Adae,
801 4047 837 4107 et
859 4039 894 4106 N
896 4062 935 4107 oe
958 4040 1077 4106 attilii
1099 4038 1179 4125 ejua,
1199 4044 1234 4104 et
1255 4037 1362 4103 Abra·

306 4145 392 4224 ham,
416 4144 475 4230 qui
501 4146 682 4211 docuerrmt
703 4143 811 4232 primo
828 4142 1002 4211 chaldeos
1025 4147 1060 4208 et
1078 4142 1255 4229 AEgyptioa
1277 4140 1363 4206 hanc

304 4247 487 4326 scientiam,
510 4247 596 4313 sicut
626 4247 730 4334 probo
762 4248 943 4314 evidenter.
989 4245 1120 4311 Deinde
1150 4243 1257 4310 sancti
1288 4249 1363 4331 poet

309 4349 479 4416 Christum
503 4355 746 4437 occupaverunt
767 4373 801 4417 se
824 4350 928 4438 megia
950 4350 986 4415 in
1010 4349 1071 4415 hac
1093 4347 1231 4413 scientia
1262 4367 1361 4432 quarn

307 4452 345 4518 in
367 4452 449 4536 aliis,
472 4452 558 4519 sicut
580 4453 692 4541 probo,
714 4458 785 4521 tarn
819 4442 989 4520 scribendo
1024 4452 1065 4517 de
1097 4450 1151 4517 his
1173 4471 1274 4537 quam
1305 4448 1363 4513 do·

709 4700 716 4735 ¹
735 4704 805 4767 Opus
816 4701 907 4767 Maius,
919 4716 942 4765 p.
957 4706 1011 4753 108.
