3586 5640
448 769 513 838 290
819 778 948 832 uosmu
969 775 1116 832 usoams
1412 759 1515 851 [ose.

282 966 345 1048 Thu
355 967 427 1021 ποτὶ
449 963 588 1028 teoostes
603 959 811 1026 celebrantur
832 957 893 1024 hoo
908 979 996 1024 anno
1011 958 1080 1024 suis
1093 956 1310 1045 temporibus.
1356 954 1404 1022 Et
1418 953 1516 1023 sicut

280 1043 436 1156 Xfffiffl·
449 1065 510 1132 hoc
533 1085 620 1130 anno
641 1078 838 1128 ucuuxvn.
869 1061 996 1139 accidit,
1020 1063 1069 1127 ita
1106 1060 1233 1126 accidet
1255 1059 1312 1126 in¹
1342 1079 1434 1125 anno
1455 1079 1514 1125 se-

449 1173 587 1255 quente:
622 1187 702 1231 nam
724 1165 906 1231 secundum
935 1186 1072 1232 aureum
1093 1184 1268 1229 numerum
1290 1162 1355 1230 erit
1376 1161 1514 1229 Pascha

419 1275 569 1359 ‚quarto
601 1268 683 1335 Idus
709 1268 844 1355 Aprilis,
867 1267 992 1334 seilicet
1013 1288 1101 1333 anno
1123 1265 1261 1332 Domini
1290 1279 1510 1332 mccnxvm.

450 1373 516 1441 Sed
553 1393 623 1439 esse
660 1370 759 1437 debet
796 1371 897 1436 tertio
935 1369 1051 1437 Nonas
1083 1369 1210 1457 Aprilis
1231 1391 1290 1456 per
1319 1370 1393 1434 octo
1434 1366 1512 1435 dies

450 1479 537 1556 ante,
561 1472 664 1560 quia⁹
685 1473 766 1539 luna
799 1473 907 1560 prima
937 1476 988 1539 est
1017 1493 1076 1561 per
1097 1476 1165 1538 tres
1199 1470 1269 1537 dies
1299 1469 1512 1558 antequam⁸

450 1578 640 1665 assignatur
661 1598 721 1664 per
742 1597 879 1642 aureum
901 1596 1084 1643 numerum.
1131 1574 1177 1640 Et
1191 1572 1267 1641 ideo
1288 1576 1410 1662 quarto
1433 1571 1510 1641 Kn-

449 1681 565 1748 lendas
596 1679 731 1768 Aprilis,
754 1679 809 1744 vel
840 1679 960 1746 saltem
993 1678 1103 1758 tertio,
1127 1677 1194 1744 erit
1220 1681 1341 1764 quarta
1373 1677 1512 1744 decima

450 1785 539 1863 lune,
564 1804 638 1871 qum
660 1787 712 1848 est
734 1782 898 1848 terminus
922 1782 1063 1849 Paschae.
1106 1782 1315 1870 Quapropter
1336 1781 1374 1847 in
1395 1782 1512 1869 prima

452 1887 628 1954 Dominioa
665 1889 825 1972 sequente
870 1886 935 1952 erit
980 1885 1052 1951 dies
1097 1886 1278 1951 secundum
1315 1884 1512 1952 veritatem

452 1991 499 2058 Et
532 1991 618 2057 sicut
648 1989 701 2055 his
733 1989 829 2054 annis
860 1989 991 2070 accidit,
1024 1989 1075 2055 ita
1105 1992 1140 2054 et
1162 1988 1283 2076 saepius
1316 2008 1376 2076 per
1409 1993 1511 2055 ante·

453 2093 633 2161 cessionem
656 2091 848 2179 aequinoctii
872 2097 907 2159 et
930 2092 1140 2180 primationis
1170 2095 1281 2180 potest
1303 2089 1512 2179 contingere,

454 2197 543 2284 quod
565 2195 690 2261 Pascha
712 2216 780 2260 uon
802 2195 910 2261 solum
933 2217 992 2282 per
1014 2199 1088 2261 octo
1110 2195 1191 2276 dies,
1214 2195 1271 2260 sed
1293 2214 1353 2281 per
1375 2194 1513 2262 multo‘

454 2299 572 2386 plures,
595 2297 782 2364 celebratur
811 2302 990 2384 antequam
1024 2297 1154 2376 debeat,
1194 2303 1228 2364 et
1261 2301 1383 2365 cetera
1411 2294 1510 2378 festa,

454 2400 540 2466 sicut
571 2399 664 2487 prius
695 2399 884 2487 expositum
918 2405 969 2466 est
1000 2401 1041 2465 de
1072 2399 1278 2486 aequinoctio.
1336 2397 1427 2464 Nam
1450 2422 1515 2488 per

456 2501 699 2588 longitudinem
745 2501 904 2588 temporis
935 2503 1062 2569 accidet
1094 2503 1209 2568 lunam
1253 2500 1320 2568 dici
1363 2501 1513 2590 primam

456 2604 588 2692 quando
634 2603 698 2671 erit
743 2603 850 2691 plena,
898 2609 933 2670 et
969 2604 1103 2692 quando
1133 2606 1197 2671 erit
1240 2605 1278 2671 in
1314 2626 1514 2692 quacunque

456 2708 617 2774 distantia
631 2730 653 2772 a
675 2707 751 2787 sole,
774 2712 814 2772 ut
836 2705 927 2794 prius
949 2707 1103 2773 habitum
1125 2711 1176 2773 est
1197 2707 1235 2772 in
1256 2706 1421 2774 erroribus
1441 2708 1513 2796 pri-

456 2812 648 2879 mationum.
704 2809 750 2876 Et
771 2809 846 2875 ideo
872 2810 1050 2899 multiplex
1079 2810 1314 2878 inconveniens
1336 2814 1371 2877 et
1392 2810 1517 2879 intole-

456 2917 559 2983 rabile
581 2915 636 2981 hic
658 2917 822 3002 sequetur.

288 3037 429 3118 AUremedy
504 3020 590 3087 Oum
613 3017 719 3106 igitur
741 3037 854 3083 omnes
877 3016 1057 3082 astronomi
1079 3022 1114 3084 et
1136 3017 1342 3105 computistae
1371 3024 1516 3105 possunt

458 3219 1516 3310 em

288 3305 428 3421 {ffiffi
459 3326 592 3403 intueri,
616 3325 834 3391 necessarium
866 3329 951 3390 esset
983 3328 1017 3390 et
1044 3325 1203 3406 debitum,
1236 3274 1277 3391 aa
1307 3324 1377 3391 Deo
1411 3326 1514 3394 bene·

289 3437 428 3487 thecmses
460 3427 632 3515 placitum,
661 3432 696 3492 et
732 3427 921 3505 hominibus
955 3427 1161 3515 sapientibus
1199 3427 1433 3509 desideratum,
1471 3435 1514 3497 ut

289 3503 400 3620 fflffi
459 3530 643 3597 remedium
674 3534 875 3617 poneretur:
900 3534 935 3596 et
957 3531 1139 3596 remedium
1162 3530 1257 3597 facile
1280 3537 1373 3598 esset
1420 3530 1514 3599 Nam

288 3638 389 3691 known.
459 3634 669 3701 inveniretur
684 3654 800 3698 verum
816 3633 1050 3720 aequinoctium
1071 3655 1130 3722 per
1144 3634 1276 3700 tabulas
1290 3637 1513 3717 astronomim,

458 3745 492 3805 et
507 3762 566 3827 per
579 3739 822 3817 instrumentu;
844 3741 879 3801 et
893 3735 1120 3803 verificaretur
1135 3738 1290 3825 primatie
1305 3759 1364 3826 per
1378 3739 1512 3805 easdam

457 3841 745 3919 considerationes
768 3843 809 3904 ut
835 3844 1075 3906 evacuarentur
1107 3862 1219 3906 omnes
1250 3840 1339 3906 modi
1362 3863 1513 3909 errorum

457 3946 710 4032 praedictorum
745 3947 780 4007 ot
810 3947 929 4028 quartu
966 3942 1093 4009 decima
1129 3943 1211 4008 luna
1240 3944 1282 4008 ub
1313 3943 1514 4030 aequinoctio

458 4054 653 4128 sumeretur,
671 4048 741 4112 sive
764 4051 848 4112 esset
868 4046 905 4109 in
928 4045 982 4111 die
1004 4046 1203 4132 requinoctii
1228 4048 1296 4113 sive
1321 4052 1397 4134 post
1426 4069 1513 4117 eum.

461 4151 507 4215 Et
538 4151 586 4216 ibi
617 4150 712 4216 fieret
745 4148 906 4216 terminus
938 4147 1081 4233 Paschae,
1112 4153 1152 4215 ut
1182 4149 1219 4214 in
1249 4151 1302 4218 die
1335 4149 1514 4220 Dominioa

494 4524 551 4590 Ιἐκ]
571 4541 619 4577 om.
633 4525 663 4580 Τ.
1045 4528 1148 4597 ⁴mullo]
1168 4533 1268 4595 multos,
1279 4533 1311 4586 B.

492 4605 584 4670 2φῆτε]
604 4621 678 4669 suam
690 4606 742 4673 (l),
754 4607 786 4660 Τ.
1045 4613 1253 4681 aqueum]
1273 4611 1485 4674 inmuonem‘r.

493 4686 653 4753 'antequam
667 4695 726 4738 unte
738 4689 812 4753 quod,
825 4688 856 4737 B.
