3586 5640
723 800 810 850 oros
831 800 951 851 uiuus
1299 789 1364 853 339

351 974 436 1040 Dico
466 975 554 1060 quod
584 975 652 1041 sola
674 975 775 1040 editio
802 974 952 1060 Vulgata,
977 995 1050 1059 quas
1072 977 1122 1039 est
1144 972 1365 1060 Septuaginta
1376 982 1488 1036 Variam

307 1075 534 1163 interpretum,
564 1075 629 1141 fuit
667 1075 807 1142 ecclesiis
837 1082 915 1141 ante
953 1076 1133 1141 editionem
1164 1074 1362 1161 Hieronymi
1374 1050 1526 1187 {ffffipffs

307 1179 548 1244 communicata
577 1183 737 1264 tanquam
774 1200 834 1265 pro
872 1178 1073 1258 authentica,
1104 1176 1178 1242 aliae
1208 1176 1449 1264 legebas-ture

307 1284 364 1345 tur
392 1303 413 1346 a
433 1280 516 1345 viris
544 1281 775 1360 ecclesiasticis,
805 1284 846 1345 ut
863 1303 906 1346 ex
927 1302 1040 1346 earum
1062 1279 1236 1346 collatione
1258 1279 1363 1366 magis

305 1386 435 1467 pateret
465 1383 638 1448 trmislatio
669 1381 897 1469 Septuaginta,
931 1387 967 1448 et
994 1387 1129 1468 propter
1162 1381 1266 1447 studii
1296 1382 1363 1468 ple-

305 1484 382 1549 nius
404 1486 606 1562 exercitium,
622 1486 707 1551 siout
728 1485 804 1550 vult
825 1485 1059 1571 Hieronymus.
1104 1484 1252 1570 Excepto
1275 1482 1363 1568 quod

306 1586 538 1652 Theodotionis
575 1587 748 1653 translatio
791 1586 827 1652 iu
865 1586 1003 1651 Daniele
1041 1585 1248 1672 vulgabatur.
1317 1585 1364 1649 Et
1399 1611 1401 1615 ·

306 1693 440 1774 propter
466 1690 527 1754 hoo
551 1690 644 1754 nulla
670 1689 807 1754 aliarum
837 1712 859 1754 a
889 1687 1104 1755 translatione
1131 1687 1361 1774 Septuaginta,

306 1795 425 1876 praeter
446 1791 568 1856 librum
583 1791 739 1870 Danielis,
763 1813 805 1857 ex
829 1792 943 1857 Graeco
964 1790 1030 1856 fuit
1052 1791 1088 1855 in
1111 1790 1269 1855 Latinum
1291 1811 1363 1855 mu·

306 1895 386 1958 tata
448 1893 533 1959 Cum
570 1893 674 1980 igitur
710 1894 770 1958 illa
806 1915 874 1958 non
912 1899 962 1959 eat
991 1893 1029 1957 in
1064 1915 1127 1958 usu
1158 1891 1361 1969 latinorum,

306 2015 366 2060 nec
402 1995 638 2081 theologorum,
676 2001 716 2060 ut
760 2016 871 2060 omnes
908 1995 1017 2061 sciunt
1062 1995 1120 2079 qui
1162 1994 1362 2081 theologiam

306 2103 479 2174 noverunt,
495 2097 707 2161 manifestum
730 2101 781 2161 est
799 2096 998 2183 Hieronymi
1020 2094 1270 2161 translationem
1293 2117 1362 2161 esse

305 2198 395 2263 illam
422 2220 521 2283 quam
552 2198 685 2263 ecclesia
718 2197 836 2285 recipit
864 2198 917 2264 his
953 2198 1164 2285 temporibus.
1226 2198 1272 2264 Et
1301 2197 1362 2264 hoa

307 2309 358 2365 est
387 2299 563 2365 intentum.

354 2402 420 2466 Sed
450 2424 524 2466 oum
555 2401 662 2467 omnis
693 2402 817 2468 veritas
847 2402 1046 2468 calumniam
1076 2402 1202 2489 recipit,
1234 2407 1269 2468 et
1298 2402 1360 2469 hoe

306 2509 357 2569 est
386 2503 616 2589 multipliciter
636 2510 771 2592 propter
799 2505 1022 2592 ignorantiam
1048 2504 1102 2570 vel
1131 2505 1359 2591 praesumptio·

307 2627 383 2670 nem
414 2609 449 2671 et
477 2607 623 2691 aliquam
653 2607 814 2672 malitiam
840 2607 1021 2685 hominum,
1049 2611 1180 2694 oportet
1208 2608 1360 2672 evacuari

307 2730 381 2793 quae
415 2714 553 2794 possunt
587 2709 741 2774 somniari
773 2709 809 2773 in
842 2710 1050 2775 contrarium.
1107 2709 1234 2776 Dicunt
1256 2709 1360 2794 igitur

307 2815 456 2876 auctores
496 2832 517 2875 a
555 2811 695 2897 triginta
736 2811 833 2875 aunis
878 2812 948 2875 ficti
991 2810 1079 2896 quod
1109 2810 1228 2895 quinta
1258 2809 1359 2873 editio

307 2918 364 2989 est,
389 2935 462 2998 quae
493 2912 640 2999 Vulgata
669 2906 866 2977 nominatur.
914 2912 1015 2976 Unde
1043 2910 1143 2995 Hugo
1179 2911 1216 2973 in
1243 2909 1360 2973 Didas-

306 3015 420 3079 calica¹
438 3015 520 3080 dicit
536 3014 623 3099 quod
639 3015 757 3099 quinta
776 3012 967 3077 nominatur
982 3011 1136 3096 Vulgata,
1153 3015 1187 3074 et
1203 3010 1361 3094 Magister

307 3116 532 3181 Historiarum
570 3116 651 3179 dicit
683 3113 770 3199 quod
802 3112 960 3177 historia²
983 3112 1130 3197 Vulgata
1160 3111 1358 3189 nominatur,

306 3218 385 3302 quia
414 3219 484 3301 ejus
515 3222 629 3281 auctor
661 3216 839 3301 ignoratur.
899 3214 946 3278 Et
974 3218 1108 3300 propter
1138 3212 1199 3278 hoo
1228 3213 1360 3299 fingunt

305 3319 403 3382 multi
443 3319 523 3381 novi
566 3339 673 3381 erroro
712 3317 848 3401 decepti,
895 3315 984 3400 quod
1021 3315 1092 3380 haec
1136 3315 1239 3379 editio
1285 3338 1358 3400 quae

306 3420 409 3484 currit
433 3420 485 3482 his
509 3417 712 3503 temporibus
737 3424 788 3482 est
814 3417 968 3504 Vulgata,
997 3417 1121 3483 scilicet
1145 3418 1262 3503 quinta
1284 3440 1358 3503 quae

306 3521 459 3586 successit
495 3519 704 3584 translationi
742 3521 969 3606 Septuaginta,
1008 3526 1141 3606 propter
1172 3521 1233 3585 hoc
1270 3521 1359 3604 quod

306 3624 376 3689 haec
391 3644 491 3708 quain
507 3619 617 3686 nunc³
632 3621 790 3685 habemus
810 3644 876 3686 nou
892 3627 942 3685 est
959 3621 1164 3706 Hieronymi,
1181 3627 1221 3684 ut
1237 3622 1358 3685 dicunt.

306 3726 372 3791 Sed
396 3726 487 3790 istud
518 3725 625 3809 primo
655 3727 749 3808 patet
778 3744 846 3787 esse
882 3723 1001 3788 falsum
1040 3746 1098 3809 per
1127 3723 1360 3787 auctoritatem

306 3827 425 3892 Isidori
455 3832 490 3891 et
520 3825 719 3911 exemplaria
755 3826 895 3910 antiqua
924 3825 964 3889 de
995 3826 1114 3909 quibus
1145 3825 1274 3889 locutus
1303 3824 1359 3889 fui

306 3929 351 3992 Et
380 3936 539 4014 praeterea
568 3928 715 4014 proprias
744 3927 844 3991 habet
881 3927 1090 3991 conditiones.
1161 3925 1245 3990 Cum
1284 3947 1360 4011 ergo

306 4032 423 4095 dicunt
452 4054 510 4116 pro
540 4031 667 4096 ratione
698 4028 750 4093 sui
774 4031 899 4105 erroris,
927 4030 1014 4114 quod
1041 4030 1160 4113 quinta
1184 4028 1286 4093 editio
1311 4029 1360 4091 di·

305 4133 392 4198 citur
423 4134 575 4219 Vulgata,
600 4133 678 4217 quia
708 4131 778 4217 ejus
816 4138 930 4195 arictor
960 4133 1131 4218 ignoratur
1143 4155 1151 4209 ;
1182 4152 1258 4216 ergo
1288 4130 1360 4215 pari

306 4235 432 4300 ratione
468 4244 607 4320 utraque
637 4235 769 4298 illarum
801 4233 945 4320 Vulgata
976 4234 1104 4313 dicitur,
1130 4232 1359 4317 quodfalsum

342 4575 348 4606 ¹
362 4574 537 4641 Dae'duscali'cu]
557 4585 677 4641 utsupra.
896 4572 990 4639 ’round
1012 4571 1103 4639 llodyc
1120 4588 1169 4626 om.
1182 4573 1237 4625 MS.

341 4655 475 4720 2Ιιιέίυνιιι]
496 4658 557 4722 lege,
570 4657 705 4714 translatio,
719 4655 802 4721 Hody.

1162 4768 1228 4831 Η
