3586 5640
716 798 803 851 orus
825 796 942 848 11111111
1290 787 1354 851 335

305 970 325 1015 ‹ss
347 967 445 1031 modo
460 967 633 1044 convertit,
650 968 742 1053 cujus
757 969 902 1034 editione
922 969 1119 1054 generaliter
1133 990 1244 1035 omnes
1259 969 1356 1035 cocle·

306 1076 324 1103 “
346 1069 403 1134 siae
418 1073 571 1149 utuntur,
587 1090 646 1155 pro
667 1091 705 1134 eo
729 1069 817 1154 quod
838 1071 986 1134 veracior
1007 1071 1051 1135 sit
1073 1072 1109 1134 in
1124 1072 1298 1136 sententiis
1320 1077 1354 1136 et

306 1178 323 1205 “
346 1170 464 1235 clarior
485 1170 521 1234 in
542 1170 682 1248 verbis‚'’
709 1192 768 1256 per
790 1172 992 1257 exemplaria
1017 1173 1123 1237 sancti
1147 1172 1299 1258 Gregorii
1321 1177 1356 1237 11

305 1270 390 1357 regie
413 1271 537 1337 Karoli
585 1272 631 1336 Et
654 1272 910 1337 innumerabiles
932 1273 1006 1338 alia
1029 1272 1147 1338 Biblias
1168 1295 1227 1359 per
1249 1273 1357 1337 diver-

305 1394 358 1437 ses
394 1374 552 1459 regiones,
587 1395 661 1458 quaa
699 1369 835 1439 fuerunt
872 1379 1019 1460 tempore
1055 1375 1175 1439 Isidori
1208 1379 1243 1440 et
1279 1377 1357 1440 ante

306 1495 390 1554 eum,
408 1476 515 1539 adhuc
538 1480 733 1561 permanent
755 1477 825 1541 sine
849 1477 1056 1562 corruptione
1074 1501 1082 1556 ;
1105 1477 1191 1542 etin
1206 1478 1358 1541 omnibus

305 1577 511 1653 concordant,
537 1575 602 1641 nisi
626 1577 674 1642 sit
697 1577 819 1641 vitium
843 1577 1017 1663 scriptoris,
1043 1599 1108 1662 quo
1134 1577 1224 1641 nulla
1249 1577 1356 1663 Scrip-

305 1682 381 1742 tura
406 1700 513 1743 carere
539 1682 656 1764 potest.
703 1676 910 1766 Quapropter
926 1680 954 1744 si
968 1684 1114 1765 tempore
1131 1679 1249 1744 Isidori
1264 1677 1356 1745 usae¹

306 1784 386 1843 sunt
412 1802 524 1844 omnes
540 1780 682 1845 ecclesiae
706 1782 904 1867 generaliter
919 1781 1134 1846 translatione
1151 1779 1357 1867 Hieronymi,

307 1888 435 1967 oportet
466 1882 554 1967 quod
585 1882 697 1947 adhuc.
720 1883 834 1947 eadem
858 1883 903 1946 sit
927 1883 1099 1948 translatio
1123 1883 1160 1947 in
1189 1905 1259 1962 usu,
1283 1904 1357 1948 oum

306 1984 419 2048 eadem
442 1984 642 2070 exemplaria
664 1989 699 2048 et
722 1985 843 2048 similia
864 1990 1036 2049 remanent
1057 1984 1186 2069 ubique.

352 2085 487 2165 Iterum,
512 2086 548 2148 in
565 2084 737 2149 Ohronieis
760 2104 834 2169 quae
857 2083 1009 2166 Eusebio,
1029 2088 1064 2150 et
1081 2083 1296 2172 Hieronymo,
1323 2091 1359 2152 et

306 2207 418 2249 eorum
441 2186 678 2251 successoribus
708 2186 926 2264 ascribuntur,
951 2207 1100 2272 expresse
1127 2186 1249 2251 dicitur
1271 2188 1359 2272 quod

307 2287 459 2371 quamvis
485 2286 550 2351 viri
575 2286 735 2365 catholici,
763 2291 799 2352 et
820 2289 933 2365 sanati,
960 2293 995 2353 et
1021 2286 1147 2353 literati
1180 2309 1265 2374 aegre
1296 2288 1359 2353 fer·

306 2393 382 2451 rent
413 2388 500 2472 quod
522 2387 696 2453 translatio
727 2391 825 2453 vetus
848 2389 978 2454 caderet
1015 2387 1058 2453 ab
1095 2409 1158 2453 usu
1191 2389 1358 2468 Hebraloi,

308 2493 420 2553 tamen
440 2488 563 2554 veritas
586 2489 761 2575 praevaluit
775 2510 875 2575 quam
892 2490 1117 2575 Hieronymus
1132 2492 1356 2557 transtulerat.

309 2590 354 2654 Et
377 2591 437 2655 hoc
461 2591 639 2656 certissimo
662 2591 794 2676 probari
816 2595 926 2676 potest
947 2613 1005 2678 per
1027 2591 1228 2657 diversarum
1250 2599 1359 2659 trans·

309 2692 470 2756 lationum
494 2691 792 2757 considerationem.
842 2688 930 2757 Nam
959 2693 1182 2779 Hieronymus
1196 2700 1231 2759 at
1246 2717 1358 2760 omnes

308 2794 507 2859 concordant
522 2794 558 2857 in
573 2793 642 2870 hoo,
660 2794 748 2881 quod
762 2799 894 2858 tantum
915 2794 1049 2859 fuerunt
1073 2800 1146 2860 octo
1172 2797 1358 2861 translatio

307 2917 365 2960 nes
401 2895 597 2982 principales
615 2895 813 2960 secundum
855 2896 1083 2960 diversitatem
1128 2896 1356 2982 interpretum,

306 3004 484 3084 antequam
500 2997 725 3081 Hieronymus
748 3017 840 3061 suam
864 2996 969 3061 edidit
991 3017 1034 3061 ex
1049 2995 1201 3062 Hebraeo.
1247 2998 1358 3061 Prima

293 3100 371 3164 -fuit
402 3100 463 3164 sub
491 3099 682 3164 Alexandro
717 3098 876 3184 Principe,
900 3097 992 3162 nulla
1013 3099 1147 3162 virtute.
1198 3098 1358 3176 Secunda,

307 3207 347 3265 ut
362 3203 411 3266 ait
425 3200 448 3265 J
450 3200 599 3286 oeephus,
614 3221 673 3286 per
689 3199 910 3286 Septuaginta
924 3200 1120 3285 interpretes
1135 3200 1298 3286 expedita,
1315 3200 1357 3264 ad

308 3303 503 3388 petitionem
526 3301 700 3368 Ptolomaei
723 3300 938 3387 Philadelphi,
962 3301 1047 3387 regis
1066 3301 1285 3382 Alexandriae,
1302 3324 1360 3388 per

307 3405 428 3468 multos
458 3405 649 3469 centesimos
681 3424 843 3467 annorum
880 3407 959 3467 ante
990 3403 1254 3469 Incarnationem
1286 3404 1358 3470 fuit.

306 3505 419 3570 Tertia
448 3506 579 3591 Aquilae
610 3509 724 3591 postea
754 3502 951 3570 Theodosii.⁸
998 3505 1127 3585 Quarta
1157 3505 1357 3591 Symmachi.

308 3608 442 3687 Quinta,
457 3613 496 3671 ut
519 3607 600 3671 dicit
622 3607 740 3670 beatus
755 3606 970 3693 Augustinus,
986 3608 1185 3672 octodecimo
1201 3608 1251 3671 De
1268 3608 1358 3673 Civi-

307 3714 377 3775 tate
404 3707 493 3789 Dei,³
519 3709 585 3773 fuit
607 3709 838 3794 interpretatio
861 3707 953 3793 cujus
976 3714 1090 3774 auctor
1112 3729 1178 3772 non
1198 3716 1333 3794 apparet
1351 3736 1359 3790 ;

308 3817 342 3876 et
364 3809 590 3887 1111111111
613 3810 755 3876 nemim
778 3809 984 3896 interpretis,
1008 3815 1239 3894 nuncupatum
1261 3831 1360 3895 quam

308 3912 351 3977 ab
367 3912 502 3998 Origine
529 3912 645 3977 dicunt
666 3911 836 3977 inventam
862 3912 961 3977 fuisse
988 3911 1023 3975 in
1046 3910 1144 3976 Actio
1174 3911 1296 3992 littore,
1320 3917 1360 3976 ut

310 4013 536 4099 Hieronymus
568 4014 604 4078 in
636 4013 809 4101 Epistola⁴
840 4015 883 4078 ad
916 4015 1075 4099 Magnum
1111 4013 1291 4091 Oratorem,
1325 4020 1359 4079 et

310 4114 473 4181 Rufinus⁶
496 4115 653 4180 adversus
670 4116 912 4202 Hieronymum
929 4116 1097 4196 scribunt;
1120 4116 1273 4201 quamvis
1288 4116 1359 4180 Ma·

344 4355 351 4384 ¹
363 4354 427 4420 aaa]
441 4353 487 4412 usi,
500 4353 556 4405 MS.
894 4354 957 4404 'De
972 4354 1078 4404 Ciuitate
1090 4353 1154 4418 Dei]
1175 4371 1196 4406 c.
1211 4360 1251 4405 43.

342 4433 353 4463 ²
367 4431 507 4498 7111111111]
527 4437 542 4461 “
553 4434 609 4496 lege
621 4429 748 4481 1111111111
759 4429 811 4480 alia
895 4432 903 4460 ⁴
914 4430 1043 4497 Eptstolo]
1062 4433 1109 4496 Ep.
1118 4434 1170 4483 lxx.
1184 4454 1214 4472 =
1225 4439 1264 4485 84.

309 4517 325 4543 “
335 4513 392 4576 fuit
402 4511 507 4576 Aquita,
523 4520 608 4577 postea
623 4509 812 4567 neotericus?
895 4510 1036 4576 1111111111]
1060 4511 1098 4562 Gt
1125 4512 1250 4578 Apologia
1269 4511 1359 4564 Hiero·

309 4593 395 4657 Hody.
429 4590 623 4641 Translottouem
634 4587 740 4653 Aquila,
758 4589 811 4649 tte,
862 4589 933 4653 nymi
946 4590 1003 4642 adv.
1017 4590 1048 4641 R
1061 4590 1086 4642 ii.
1099 4590 1216 4661 12139.
