3586 5640
307 817 402 907 m]
704 831 792 884 orus
813 831 974 885 smnus.
1291 816 1358 891 287

306 1013 436 1078 minute
457 1016 493 1078 et
515 1010 738 1098 quodraginta
757 1011 911 1093 secunde,
933 1011 1056 1098 quibus
1090 1016 1208 1099 quater
1234 1032 1358 1077 noven-

304 1116 410 1182 decim
432 1115 513 1180 enni
534 1114 663 1190 soleres,
687 1114 746 1200 qui
767 1112 895 1180 fceirmt
917 1113 1131 1201 septuaginta
1154 1135 1213 1180 sex
1243 1136 1357 1196 annos,

305 1218 471 1283 excedunt
493 1238 568 1282 suas
590 1217 785 1282 lunationes.

350 1320 396 1386 Et
418 1320 472 1386 hic
505 1325 557 1385 est
577 1319 704 1407 primus
734 1335 825 1384 error
850 1317 1009 1384 notabilis
1031 1339 1130 1406 quem
1151 1341 1173 1386 e
1195 1321 1426 1445 ppineipiom
1371 1326 1526 1379 Theseeond

305 1422 442 1503 notavi3
465 1443 507 1490 ex
528 1442 595 1508 quo
617 1420 769 1508 sequitur
790 1421 960 1487 secundus
1008 1420 1138 1487 Nem
1112 1444 1142 1487 si
1161 1407 1426 1510 accipiemusm

306 1529 425 1608 quater
454 1523 667 1612 septuaginta
685 1544 744 1589 sex
766 1543 880 1604 annos,
906 1523 965 1609 qui
984 1520 1112 1590 fuciunt
1132 1529 1298 1591 trecentos
1323 1532 1360 1593 et

306 1632 448 1712 qustuor
478 1647 593 1706 ennos,
619 1625 824 1713 superabunt
857 1646 933 1691 suus
963 1626 1191 1692 lunationes
1180 1648 1218 1691 ιιι
1241 1634 1360 1714 quater

306 1729 471 1795 sexdecim
502 1729 642 1794 minutis
670 1733 707 1795 et
736 1727 960 1815 quodraginta
993 1730 1153 1795 seumdis.
1199 1728 1268 1796 Sed
1291 1731 1360 1799 lusu

306 1836 439 1919 sumpte
459 1835 579 1917 quater
609 1830 736 1898 fuciunt
756 1850 863 1896 unum
886 1830 983 1911 diem,
1014 1836 1050 1897 et
1079 1852 1139 1897 sex
1160 1833 1299 1913 minute
1323 1839 1359 1900 et

305 1935 528 2022 quodraginta
564 1934 729 1999 secunde:
759 1933 962 2019 relinquitur
991 1934 1098 2021 igitur
1129 1954 1221 2001 error
1243 1957 1358 2002 secun·

304 2037 374 2115 dus,
418 2037 511 2126 quod
543 2037 685 2103 trecenti
721 2041 759 2102 et
793 2042 939 2122 quotuor
971 2037 1052 2101 unni
1088 2043 1247 2125 superent
1283 2060 1360 2105 suss

304 2139 495 2205 lunationes
530 2139 568 2205 in
604 2159 673 2203 uno
709 2138 773 2220 die,
805 2143 841 2205 et
877 2158 937 2204 sex
973 2139 1113 2206 minutis
1144 2140 1244 2207 unius
1281 2142 1359 2224 diei,

304 2247 339 2308 et
361 2240 584 2329 qusdrugints
614 2240 775 2307 secundis
832 2241 878 2309 Et
900 2243 974 2309 ideo
1007 2242 1128 2309 accidit
1158 2245 1248 2330 quod
1283 2249 1360 2330 post

305 2348 472 2410 trecentos
501 2347 538 2408 et
568 2347 712 2429 quotuor
749 2363 862 2426 annos,
899 2349 940 2411 ut
976 2343 1145 2410 dicsmus¹
1176 2344 1358 2412 seeundum

304 2445 535 2512 kalendarium
568 2445 683 2511 lunum
728 2446 879 2533 primam,
911 2449 983 2535 ipss
1016 2448 1180 2514 existente
1225 2449 1359 2534 mejoris

306 2550 418 2616 setetis
454 2548 643 2635 quantitate
680 2548 779 2614 unius
816 2551 892 2631 diei,
930 2556 965 2617 et
994 2572 1053 2617 sex
1086 2552 1299 2633 minutorum,
1322 2558 1359 2618 et

306 2653 527 2739 quadraginta
558 2651 783 2718 secundorum.
837 2653 884 2718 Et
906 2653 936 2718 si
957 2655 1028 2720 haec
1057 2654 1221 2734 occidunt,
1252 2656 1357 2720 meni-

305 2755 427 2820 festum
449 2759 500 2820 est
521 2753 707 2842 inquirenti
728 2755 826 2840 quod
850 2755 1072 2842 multiplicato
1094 2761 1250 2843 tempore,
1273 2759 1359 2822 mul-

305 2857 548 2943 tiplicabuntur
585 2856 859 2923 inconvenientis
911 2857 958 2923 Et
994 2858 1068 2922 ideo
1105 2864 1180 2944 post
1216 2866 1360 2943 quatuor

305 2959 411 3025 millia
435 2958 622 3026 trecentos²
668 2959 912 3046 quinquaginta
963 2981 1024 3024 sex
1079 2979 1184 3024 annos
1230 2962 1358 3027 dicetur

306 3061 388 3126 lune
423 3063 539 3148 prims,
571 3083 676 3148 quum
711 3062 890 3127 secundum
926 3061 1205 3146 computationem
1244 3062 1360 3128 kaden-

307 3163 392 3229 durii
423 3165 498 3256 ipsu
533 3164 600 3229 erit
632 3163 731 3250 plene
752 3163 900 3242 lumine;
934 3167 970 3229 et
1000 3162 1140 3228 ulterius
1171 3165 1260 3249 quod
1291 3187 1360 3231 uns

310 3265 438 3332 lunstio
485 3266 617 3354 integre
661 3264 945 3353 superabundabit
957 3289 965 3347 ;
1008 3271 1043 3331 et
1087 3266 1224 3332 tandem
1269 3269 1358 3353 quod

306 3374 440 3436 centum
477 3369 667 3435 lunationes
703 3369 741 3433 in
777 3368 924 3433 meximo
962 3373 1109 3455 tempore
1145 3370 1358 3457 superfluent,

305 3472 391 3538 sieut
426 3476 521 3558 petet
552 3492 611 3557 per
641 3470 768 3536 radices
797 3471 869 3557 jum
902 3470 1020 3551 datss3
1053 3492 1113 3538 neo
1145 3476 1198 3537 est
1229 3494 1358 3539 necesse

304 3573 408 3640 fecere
431 3573 696 3662 computationes
717 3571 858 3659 mejerus
878 3593 940 3660 pro
962 3574 1118 3659 prseseuti
1139 3576 1356 3661 persuasione,

305 3677 385 3762 quis
404 3680 569 3763 prompte
591 3680 673 3741 sunt
694 3675 990 3741 demonstrationes
1011 3675 1055 3740 sd
1076 3675 1138 3741 hoo
1160 3696 1235 3740 cum
1256 3676 1357 3742 fuerit

305 3782 537 3865 opportunum.
584 3777 873 3844 Manifestissimus
895 3777 1000 3864 igitur
1033 3782 1084 3843 est
1116 3798 1206 3843 error
1236 3778 1357 3865 prime·

304 3882 433 3948 tionum
453 3883 635 3949 secundum
656 3854 894 3962 kalendarium,
910 3885 945 3947 et
966 3901 1034 3946 non
1054 3901 1142 3945 unus
1163 3880 1222 3946 sed
1243 3881 1355 3946 multi-

304 3985 390 4070 plex,
412 4004 474 4050 nec
495 4006 618 4071 pervus
640 3985 698 4049 sed
719 3984 815 4070 qussi
836 3983 996 4049 infinitus.

350 4087 396 4151 Et
417 4107 492 4152 cum
514 4087 564 4151 ite
585 4087 632 4152 sit
654 4107 745 4151 error
765 4086 850 4172 cycli
864 4085 1194 4152 decennovenalisin
1158 4085 1478 4173 msingulisltrrorm

304 4189 400 4253 annis
401 4188 575 4274 ‚sequitur
596 4190 685 4275 quod
707 4189 860 4256 similiter
882 4191 944 4255 erit
967 4210 1057 4255 error
1079 4189 1116 4254 in
1138 4189 1237 4276 cyclis
1259 4210 1354 4277 epsc-
1365 4172 1436 4224 ¹¹¹⁰
1421 4189 1481 4238 ²⁰⁹³
1468 4180 1512 4226 ⁰·oe

304 4296 423 4356 terum.
469 4290 559 4356 Nem
574 4291 725 4357 undecim
748 4291 817 4357 dies
840 4292 1094 4357 excrescentes
1084 4314 1122 4356 m
1144 4313 1232 4357 enno
1254 4293 1353 4358 soleri

303 4415 402 4480 super
423 4413 546 4460 annum
572 4394 721 4460 lunarem
743 4395 899 4461 dicuntur
921 4397 1062 4482 epuctae³
1085 4395 1252 4482 sequentis
1274 4396 1355 4461 unni

337 4645 480 4713 Μέση]
498 4647 575 4708 diens,
587 4646 618 4698 Τ.
889 4647 1014 4713 ¹epcetae]
1034 4654 1128 4712 specta,
1139 4647 1170 4700 B.
1182 4647 1213 4698 T.

336 4725 486 4793 'sermm
503 4727 630 4790 smus
641 4725 672 4779 Τ.
