3586 5640
447 776 511 840 164
817 787 945 836 nouam
969 786 1114 836 mcoms
1417 774 1499 860 [car

445 963 570 1029 stantia
591 961 767 1049 corporalis
788 962 938 1027 alimenti
953 963 1046 1027 venit
1060 963 1103 1026 ad
1125 967 1254 1048 partem
1274 963 1495 1042 nutriendam,

446 1070 481 1132 et
502 1087 561 1152 per
574 1065 734 1130 virtutem
749 1065 837 1130 illius
859 1065 963 1151 partis
985 1064 1148 1151 digeritur
1162 1065 1281 1131 ultima
1303 1066 1494 1152 digestione,

447 1175 482 1234 et
505 1167 706 1233 assimilatur
731 1167 818 1254 parti
845 1168 1038 1248 nutriendae,
1063 1189 1121 1254 per
1150 1168 1346 1254 completam
1372 1169 1498 1234 assimi-

447 1272 613 1352 lationem,
630 1276 792 1356 quantum
807 1270 960 1356 possibile
982 1274 1042 1350 est,
1057 1292 1159 1356 usque
1182 1271 1225 1335 ad
1240 1271 1404 1337 unionem.
1452 1271 1499 1337 Et

448 1375 509 1440 hoc
540 1374 626 1440 facto
649 1374 757 1439 virtus
788 1375 907 1439 animae
937 1374 973 1439 in
1002 1394 1097 1438 carne
1127 1373 1269 1439 attrahit
1290 1373 1352 1439 hoc
1382 1394 1498 1460 corpus

448 1479 484 1543 in
499 1500 532 1543 se
547 1499 607 1566 per
625 1477 869 1543 conversionem
883 1476 920 1541 in
939 1497 1078 1554 carnem,
1094 1476 1144 1541 ita
1159 1475 1248 1561 quod
1261 1497 1328 1542 non
1343 1481 1499 1541 maneant

451 1581 516 1646 duo
546 1602 689 1667 corpora,
714 1580 771 1645 sed
803 1601 906 1645 unum
937 1579 978 1644 fit
1001 1600 1042 1644 ex
1076 1578 1123 1643 eis
1156 1579 1271 1644 statim
1295 1577 1388 1665 ipsa¹
1422 1599 1497 1643 oon·

450 1684 600 1750 versione
611 1708 620 1764 ;
650 1683 728 1769 quia
751 1703 824 1748 cum
848 1683 1042 1747 alimentum
1068 1682 1273 1747 convertitur
1302 1681 1337 1746 in
1367 1702 1499 1747 carnem

449 1787 567 1874 recipit
588 1792 742 1852 natmam
764 1785 891 1865 carnis,
914 1784 988 1850 ideo
1010 1784 1050 1850 fit
1072 1784 1145 1871 plus
1167 1784 1208 1849 de
1230 1805 1335 1864 carne,
1357 1789 1392 1849 et
1414 1784 1500 1850 sicut

451 1889 493 1956 fit
521 1911 589 1956 una
618 1889 812 1966 substantia,
835 1888 893 1954 sed
922 1886 1036 1973 major,
1060 1909 1102 1954 ex
1133 1886 1328 1953 substantiis
1350 1886 1500 1953 alimenti

451 1992 623 2059 etcarnis

283 2103 441 2155 manner
498 2095 554 2162 Ita
576 2095 617 2161 fit
638 2116 706 2160 una
728 2093 889 2160 dimensio
904 2092 1079 2180 corporalis
1102 2113 1145 2158 ex
1168 2091 1372 2157 dimensione
1395 2093 1502 2158 camis

280 2170 487 2300 fflnffiet
516 2198 674 2277 alimenti,
705 2198 761 2263 sed
792 2196 904 2282 major,
928 2218 1027 2282 quam
1058 2195 1157 2282 prius,
1181 2195 1359 2260 secundum
1389 2216 1502 2261 omnes

284 2303 431 2354 mosoma
452 2300 635 2366 diametros.
698 2297 794 2379 Quod
832 2299 919 2364 enim
957 2298 1117 2363 habemus
1150 2319 1208 2383 pro
1246 2297 1502 2379 inconvenienti,

283 2369 440 2485 mdo&
453 2402 541 2487 quod
568 2402 633 2466 duo
659 2421 794 2486 corpora
820 2401 888 2464 sint
913 2400 1020 2480 simul,
1046 2400 1107 2466 hoc
1137 2405 1187 2465 est
1214 2421 1337 2477 verum,
1368 2400 1501 2487 quaudo

284 2501 386 2616 ⁸⁰³th
452 2505 517 2569 duo
555 2507 640 2582 nmt,
672 2508 707 2566 et
736 2501 866 2567 diversa
895 2507 1075 2580 remanent,
1099 2502 1151 2567 et²
1181 2502 1216 2567 in
1246 2502 1440 2583 substantia,
1467 2509 1503 2570 et

285 2581 438 2631 samepace.
452 2607 488 2670 in
527 2605 730 2670 dimensione
775 2602 961 2690 corp01·ali;
993 2625 1070 2669 nam
1108 2605 1169 2669 hoc
1206 2611 1256 2670 est
1294 2605 1501 2692 impossibile.

454 2708 519 2774 Sed
550 2707 682 2794 quando
713 2729 780 2772 una
817 2712 939 2773 natura
976 2706 1202 2772 substantialis
1232 2707 1273 2773 tit
1302 2730 1345 2773 ex
1382 2711 1437 2786 eis,
1468 2716 1504 2775 et

455 2832 522 2876 una
561 2809 730 2895 quantitas
765 2809 823 2874 sed
868 2809 981 2896 major,
1020 2814 1100 2874 tune
1137 2810 1264 2874 nullum
1303 2817 1354 2876 est
1392 2812 1504 2878 incon·

452 2914 593 2979 veniens.
652 2913 699 2978 Et
724 2913 770 2999 sic
800 2920 849 2977 est
872 2911 947 2977 hia³
1004 2910 1074 2976 Nec
1104 2917 1216 2976 tamen
1245 2911 1300 2978 hic
1328 2912 1369 2979 fit
1397 2936 1503 2981 unum

454 3038 513 3103 per
540 3015 818 3102 compositionem,
843 3019 882 3078 ut
908 3035 950 3079 ex
974 3013 1107 3099 quantis
1134 3013 1174 3078 fit
1199 3036 1301 3079 unum
1328 3021 1501 3102 quantum,

454 3119 533 3204 quia
563 3123 642 3182 tunc
680 3121 766 3182 esset
796 3139 854 3202 per
884 3116 987 3181 solam
1017 3114 1230 3194 additionem,
1261 3123 1301 3183 ut
1331 3119 1366 3182 in
1404 3120 1502 3185 rebus

453 3219 656 3296 inanimatis,
688 3217 745 3283 sed
775 3219 815 3282 fit
845 3241 902 3304 per
932 3218 1175 3283 conversionem
1208 3219 1306 3283 unius
1335 3221 1372 3284 in
1403 3222 1500 3288 aliud.

455 3320 526 3385 Nec
556 3320 628 3385 ideo
660 3321 830 3404 quantitas
860 3326 969 3406 potest
995 3325 1183 3386 convertere
1213 3322 1436 3406 quantitatem
1466 3325 1502 3389 in

455 3445 497 3498 ae,
536 3422 593 3487 sed
631 3442 747 3507 corpus
778 3427 940 3506 quantum
979 3423 1142 3488 convertit
1179 3443 1295 3510 corpus
1332 3431 1503 3510 quantum.

457 3524 637 3590 Conversio
668 3524 755 3588 enim
782 3530 832 3588 est
863 3525 948 3588 actio
980 3526 1139 3609 quaedam,
1169 3547 1242 3610 quae
1267 3547 1335 3590 non
1365 3526 1505 3593 debetur

456 3626 648 3712 quantitati,
688 3647 747 3691 nec
792 3627 949 3706 materiae,
989 3628 1046 3692 sed
1091 3627 1214 3708 formae,
1252 3633 1287 3693 et
1324 3631 1503 3716 composito

456 3730 623 3794 mediante
649 3730 775 3808 forma3
798 3734 832 3793 et
859 3729 932 3794 ideo
960 3751 1035 3794 caro
1061 3735 1188 3815 quanta
1215 3732 1380 3796 convertit
1406 3733 1442 3797 in
1468 3755 1503 3798 se

455 3833 648 3896 alimentum
680 3837 862 3917 quantum;
900 3853 967 3897 non
999 3838 1111 3896 tamen
1142 3833 1311 3916 quantitas
1341 3835 1505 3900 convertit

456 3934 685 4017 quantitatem,
709 3933 767 4000 sed
797 3933 986 3998 substantia
1015 3940 1139 4019 quanta
1169 3935 1333 4001 convertit
1354 3936 1506 4002 substan-

456 4033 538 4099 tiam
569 4041 734 4120 quantam.
796 4032 890 4100 Siout
924 4035 1063 4100 materia
1096 4037 1202 4101 carnis
1236 4060 1303 4102 non
1340 4041 1506 4106 convertit

458 4136 630 4200 materiam
662 4137 819 4215 alimenti,
846 4137 924 4223 quia
953 4137 1093 4203 materia
1121 4160 1189 4203 non
1220 4147 1270 4206 est
1299 4142 1417 4217 activa,
1448 4143 1504 4208 sed

458 4237 563 4302 forma
600 4240 714 4319 carnis,
746 4262 804 4305 seu
834 4241 938 4325 magis
968 4240 1195 4326 compositum,
1226 4243 1303 4308 lieet
1340 4245 1505 4312 mediante

612 4448 623 4454 ι
639 4449 715 4457 -0
729 4450 1089 4458 —--··-————------...
1105 4451 1145 4458 -..
1171 4452 1252 4458 .-..--...
1269 4454 1273 4457 .
1310 4454 1492 4460 .---—-.-.-

494 4594 503 4705 ἰ
519 4593 587 4739 laria]
607 4594 706 4724 lnqpsa,
718 4598 766 4657 B.;
784 4614 832 4648 om.
846 4599 877 4651 Τ.
1037 4603 1046 4631 ¹
1060 4600 1096 4652 ΕΙ
1107 4603 1142 4648 a'c
1153 4607 1189 4648 est
1199 4599 1251 4665 lic]
1271 4603 1316 4651 elsi
1328 4603 1417 4663 adhuc,
1435 4605 1464 4653 L.

518 4679 541 4723 ot
574 4686 622 4723 om.
662 4713 666 4724 .
