3586 5640
305 793 370 878 sn]
644 813 874 865 conrnuoruu
897 817 1021 866 srunu.
1290 807 1352 869 501.

306 1006 425 1050 novem
454 985 568 1052 literas
598 987 796 1066 differentes,
823 989 998 1067 sciliceta,
1024 989 1051 1070 b,
1076 1012 1101 1067 c,
1125 990 1158 1067 d,
1182 990 1254 1076 as,
1276 1011 1308 1076 9,
1339 991 1356 1055 t

305 1088 451 1153 vocalem
474 1087 545 1174 etj
565 1096 808 1168 consonantem,
833 1090 854 1171 l,
870 1113 914 1169 ra,
931 1113 966 1170 a,
983 1113 1011 1170 o,
1031 1113 1067 1176 p,
1084 1113 1113 1177 q,
1136 1114 1164 1169 r,
1189 1114 1213 1168 a,
1230 1099 1250 1168 t,
1275 1113 1310 1169 u,
1326 1114 1356 1156 a.

306 1189 352 1254 Et
382 1189 488 1256 Graeci
522 1191 646 1257 habent
678 1193 863 1271 octodecim,
894 1193 1025 1272 scilicet,
1060 1192 1175 1279 alpha,
1209 1192 1291 1270 vita,
1324 1197 1359 1258 et

304 1313 453 1377 pammac,
478 1292 577 1371 delta,
594 1293 623 1378 s.
645 1293 725 1371 zita,
752 1294 833 1373 totu,
864 1294 988 1382 kappa,
1013 1294 1123 1373 labdo,
1147 1294 1209 1372 mi,
1232 1294 1284 1371 ot,
1308 1293 1355 1371 ni,

305 1393 467 1471 omicron,
491 1416 538 1472 ro,
563 1394 663 1473 aima
682 1395 753 1482 pei.
800 1397 885 1463 Aliae
907 1418 986 1462 vero
1013 1420 1087 1483 quae
1109 1397 1268 1462 videntur
1290 1417 1358 1460 esse

305 1496 414 1582 plures
436 1497 524 1582 apud
543 1497 682 1577 Graecos,
699 1497 858 1565 diffenmt
879 1499 1126 1565 accidentaliter
1149 1503 1184 1564 et
1206 1497 1359 1563 similiter

306 1599 395 1683 apud
418 1598 562 1678 Latinos,
586 1605 626 1664 ut
660 1600 787 1665 dictum
818 1605 877 1666 est.
938 1601 978 1666 Η
998 1623 1065 1665 non
1096 1605 1146 1666 est
1172 1601 1277 1678 litera,
1301 1599 1358 1664 sed

306 1701 515 1787 aspirationis
536 1706 624 1767 nota.
674 1703 726 1767 De
749 1701 766 1766 ι’
789 1724 866 1768 vero
889 1707 924 1769 et
945 1724 966 1769 o
986 1703 1243 1769 consonantibus
1265 1706 1359 1788 patet

306 1803 394 1888 quod
431 1810 510 1869 sunt
533 1804 638 1871 literae
660 1805 799 1871 diversae
821 1806 858 1870 in
873 1826 954 1870 sono
977 1805 1020 1870 ab
1042 1827 1062 1870 v
1086 1809 1120 1870 et
1142 1803 1160 1870 c'
1182 1803 1357 1869 vocalibus.

306 1905 394 1970 Nam
417 1907 538 1972 vocalis
570 1912 605 1973 et
636 1908 816 1972 consonans
853 1906 979 1972 habent
1016 1907 1242 1972 diversitatem
1276 1905 1357 1980 soni,

306 2013 341 2073 et
371 2009 445 2075 ideo
468 2031 535 2075 non
558 2015 608 2075 est
630 2009 792 2075 instantia
818 2009 854 2073 in
877 2009 1050 2097 praedictis.
1097 2008 1358 2084 Consonantium

306 2112 457 2196 quaedam
482 2111 639 2178 dicuntur
661 2111 894 2188 semivocales;
924 2112 1075 2197 quaedam
1098 2116 1208 2177 mutae.
1254 2109 1358 2176 Semi-

306 2213 428 2277 vocalis
458 2235 526 2278 non
553 2213 677 2278 dicitur
708 2213 786 2299 qnia
814 2212 936 2279 habeat
963 2214 1175 2279 medietatem
1203 2213 1275 2278 soni
1302 2234 1359 2277 vo-

306 2315 392 2391 calis,
424 2314 482 2380 sed
517 2315 595 2401 quia
623 2336 691 2380 non
720 2315 854 2401 plenum
876 2315 977 2381 habet
1007 2315 1077 2400 ejus
1109 2336 1246 2390 sonum;
1272 2314 1358 2379 sicut

307 2416 440 2482 semivir
462 2438 531 2483 non
553 2417 676 2482 dicitur
705 2416 864 2482 dimidius
888 2416 950 2495 vir,
978 2417 1036 2484 sed
1068 2417 1147 2503 quia
1168 2415 1360 2482 nonhabet

306 2519 436 2605 plenam
473 2519 539 2585 viri
575 2520 808 2606 quantitatem.
855 2519 901 2585 Et
935 2521 981 2585 sic
1018 2519 1144 2585 solebat
1176 2518 1238 2583 dici
1270 2517 1359 2604 apud

306 2625 420 2707 poetas
441 2621 614 2702 semideus,
631 2621 709 2707 quia
730 2644 795 2687 non
816 2622 930 2709 plenus
946 2622 1059 2703 Deus;
1082 2621 1129 2687 sic
1150 2644 1171 2686 a
1185 2627 1279 2708 parte
1293 2621 1359 2684 ista

305 2722 426 2789 dicitur
451 2724 663 2801 semivocalis,
687 2725 766 2809 quia
788 2745 855 2790 non
877 2725 972 2811 plene
994 2729 1092 2790 sonat
1119 2724 1205 2789 sicut
1230 2722 1356 2801 vocalis,

305 2830 344 2891 ut
365 2827 453 2914 apud
476 2826 621 2907 Latinos,
646 2825 667 2907 l,
690 2847 736 2906 m,
759 2849 794 2906 a,
817 2847 845 2905 r,
868 2848 893 2904 a,
917 2850 947 2892 a.
999 2826 1045 2892 Et
1067 2831 1169 2892 mutae
1193 2825 1461 2903 dicuntur,Mutea

305 2930 385 3015 quia
406 2951 473 2995 non
496 2931 631 3009 omnino
653 2934 843 2994 mutescunt
864 2951 886 2992 a
907 2949 996 3008 sono,
1019 2929 1077 2993 sed
1107 2927 1185 3012 quia
1219 2926 1359 2991 debilem

306 3030 431 3096 habent
476 3053 593 3096 sonum
640 3034 793 3116 respectu
838 3029 1091 3108 semivocalium,
1136 3028 1221 3093 sicut
1264 3027 1360 3092 semi·

306 3133 433 3199 vocales
466 3138 618 3219 respectu
649 3131 822 3210 vocalium,
850 3135 890 3196 ut
923 3130 950 3210 b,
974 3152 998 3208 c,
1022 3129 1101 3215 d‚f,
1124 3151 1155 3215 9,
1178 3127 1208 3210 le,
1227 3151 1263 3216 p,
1287 3151 1316 3215 q,
1340 3135 1360 3194 t.

307 3233 524 3299 Semivocales
553 3231 784 3298 universaliter
813 3231 978 3319 incipiunt
1007 3254 1029 3297 a
1052 3232 1165 3309 vocali,
1193 3237 1229 3297 et
1258 3236 1360 3296 mutae

306 3336 530 3400 terminantur
560 3336 597 3399 in
631 3356 711 3412 eam,
752 3334 918 3422 praeters,
943 3355 1017 3399 cnm
1048 3340 1160 3400 tamen
1182 3335 1361 3400 secundum

305 3437 480 3503 veritatem
518 3438 562 3503 sit
608 3442 711 3517 muta,
748 3436 834 3502 siout
872 3436 968 3502 docet
999 3436 1192 3515 Priscianus,
1254 3436 1361 3504 Groeci

306 3545 420 3605 autem
455 3538 581 3604 habent
610 3543 683 3605 octo
713 3537 930 3618 semivocales,
969 3538 1091 3605 scilicet
1128 3538 1208 3620 zita,
1247 3538 1359 3618 labdo,

306 3642 368 3720 nat,
393 3641 444 3722 wi,
467 3641 514 3719 ct,
538 3662 587 3720 ro,
615 3639 715 3719 sam,
739 3639 810 3727 pot.
867 3639 934 3706 Sed
956 3646 1023 3706 tres
1044 3641 1163 3706 harum
1192 3646 1271 3706 sunt
1301 3641 1361 3705 du·

306 3745 414 3832 plicas,
453 3743 576 3809 scilicet
612 3742 693 3821 aito,
732 3749 767 3808 et
797 3741 846 3824 at,
879 3748 914 3808 et
947 3741 1021 3830 phi.
1083 3743 1128 3808 Xi
1162 3764 1240 3808 vero
1271 3741 1361 3829 apud

307 3847 439 3913 Graecos
468 3845 666 3911 terminatur
695 3843 731 3908 in
765 3844 790 3923 ὁ,
823 3849 857 3910 et
884 3850 1035 3910 mutatur
1064 3845 1186 3910 vocalis
1221 3867 1242 3909 a
1268 3849 1362 3930 parte

306 3954 384 4014 ante
407 3953 442 4014 et
465 3947 587 4012 dicitur
619 3945 658 4012 tc
680 3947 768 4033 apud
796 3946 944 4027 Latinos,
967 3952 1007 4011 ut
1040 3946 1123 4011 dicit
1145 3943 1359 4012 Priscianus¹

305 4052 353 4117 Et
389 4072 463 4116 cum
487 4049 606 4136 aliquae
643 4048 797 4114 nationes
821 4048 939 4114 dicunt
976 4070 1023 4129 en,
1047 4047 1227 4114 secundum
1252 4069 1360 4119 ¹usum

306 4175 403 4220 snum
418 4158 452 4219 et
477 4150 748 4219 consuetudinem
771 4171 894 4230 earnm,
915 4149 1026 4215 forsan
1040 4149 1105 4216 fuit
1128 4170 1218 4215 error
1240 4149 1277 4214 in
1298 4171 1361 4216 usu

306 4257 426 4335 Latini,
451 4255 529 4342 quia
551 4254 657 4342 primo
680 4252 839 4319 dixerunt
859 4251 907 4330 ia,
929 4257 964 4317 et
986 4251 1053 4320 fere
1075 4273 1188 4318 omnes
1209 4251 1361 4318 nationes

306 4358 436 4425 Latinae
460 4357 566 4423 adhuc
588 4356 704 4423 dicunt
726 4353 772 4421 to.
818 4353 874 4420 Sic
896 4352 985 4419 enim
1007 4353 1046 4420 ia
1067 4359 1118 4420 est
1140 4353 1263 4442 duplex
1285 4375 1360 4420 con-

311 4553 652 4573 ω
922 4560 992 4568 --
1001 4559 1264 4568 ήᾳ--α--ω-
1278 4558 1355 4567 ...-

707 4694 715 4724 ¹
728 4692 886 4760 Priscianus]
905 4692 966 4744 ibid.
