3586 5640
482 775 548 840 202
855 791 983 843 socam
1005 790 1150 842 moeurs
1443 777 1524 865 [err

479 965 608 1030 stitium
625 966 784 1051 hyemale,
808 987 922 1032 verum
945 967 1107 1053 estquod
1136 967 1186 1032 sol
1215 966 1306 1032 omui
1336 966 1388 1031 die
1418 965 1455 1030 in
1478 987 1533 1030 zo-

480 1065 590 1133 diaoo¹
615 1068 762 1135 flectitur
783 1069 826 1134 ad
850 1068 1051 1155 aquilonem²
1081 1071 1149 1136 fere
1172 1092 1230 1156 per
1252 1069 1392 1156 gradum
1415 1089 1531 1149 unum,

477 1170 514 1235 id
540 1174 598 1249 est,
625 1193 683 1258 per
705 1176 834 1259 partem
856 1171 931 1238 coeli
953 1173 989 1237 in
1013 1172 1151 1239 circuitu
1174 1172 1242 1238 fere
1267 1171 1532 1238 trecentesimam

478 1272 724 1360 sexagesimam.
790 1273 857 1340 Sed
883 1296 904 1340 a
926 1274 1069 1341 solstitio
1094 1273 1240 1361 hyemali
1266 1295 1435 1360 nusquam
1457 1273 1534 1340 flec-

477 1375 563 1441 titur
586 1377 630 1442 ad
647 1376 843 1463 aquilonem,
874 1377 932 1444 sed
961 1379 1005 1444 ad
1034 1375 1231 1459 meridiem,l
1262 1398 1365 1464 usque
1395 1377 1440 1443 ad
1468 1377 1532 1442 sol-

477 1479 606 1546 stitium
643 1480 799 1546 aestivale.
856 1480 1018 1547 Similiter
1054 1481 1279 1547 consideretur
1315 1478 1532 1566 aequidistans

477 1583 513 1646 in
539 1605 604 1669 qua
626 1582 731 1648 fertur
752 1583 811 1648 illa
836 1583 982 1649 flectitur
1018 1582 1062 1649 ad
1093 1583 1280 1670 aquilonem
1309 1581 1363 1647 in⁴
1392 1581 1450 1646 illo
1481 1581 1531 1647 di-

476 1684 578 1751 midio
607 1707 703 1767 anno,
726 1685 784 1751 sed
816 1686 921 1772 magis
950 1686 994 1751 ad
1023 1685 1204 1768 meridiem,
1226 1689 1360 1772 propter
1389 1683 1531 1772 gradum

444 1769 448 1783 ¹
477 1808 574 1873 quem
600 1787 742 1874 acquirit
769 1787 818 1854 sol
845 1793 940 1854 motu
966 1788 1026 1854 sui.
1072 1787 1182 1866 Unde,
1206 1791 1369 1874 quantum
1393 1786 1437 1852 ad
1459 1807 1532 1852 sen·

477 1912 558 1969 sum,
590 1912 658 1956 non
696 1890 801 1957 flectit
831 1912 865 1957 se
895 1891 931 1956 in
961 1891 1108 1978 aliquam
1131 1895 1271 1978 partem,
1302 1889 1380 1956 lieet
1416 1892 1532 1956 tamen

476 1993 655 2060 secundum
684 1993 860 2060 veritatem
890 1993 927 2058 in
964 2016 1031 2060 uno
1069 1993 1207 2059 dimidio
1244 2014 1333 2058 anno
1361 1991 1467 2058 flectit
1496 2013 1532 2058 se

475 2117 591 2182 parum
617 2095 660 2161 ad
690 2096 886 2182 aquilonem,
914 2101 949 2162 et
975 2097 1011 2161 in
1040 2097 1105 2162 ulio
1135 2116 1252 2183 parum
1275 2095 1319 2160 ad
1348 2093 1530 2174 meridiem,

475 2199 566 2264 omni
600 2199 654 2264 die
687 2199 755 2264 fere
792 2221 851 2287 per
887 2221 992 2265 unum
1029 2196 1193 2286 gradum.⁶
1237 2196 1338 2263 Unde
1375 2195 1530 2282 aequidis-

474 2299 608 2366 tantes⁰
636 2323 704 2367 non
726 2308 806 2367 aunt
826 2324 904 2368 vere
925 2302 1045 2381 circuli,
1066 2303 1124 2368 aed
1145 2301 1263 2389 spirae3
1286 2322 1325 2366 eo
1349 2300 1438 2386 quod
1454 2299 1534 2366 finis

475 2408 509 2467 et
532 2402 732 2489 principium
758 2425 827 2469 non
858 2405 983 2470 cadunt
1012 2405 1048 2470 in
1078 2404 1167 2470 idem
1193 2408 1363 2491 punctum,
1390 2406 1427 2468 et
1455 2403 1530 2469 ideo

473 2504 510 2568 in
535 2503 624 2569 idem
651 2505 740 2571 redit
769 2506 877 2572 flexus
907 2507 984 2572 solis
1012 2506 1049 2572 in
1075 2505 1209 2572 zodiaco
1234 2509 1269 2572 et
1291 2502 1347 2570 in⁷
1373 2504 1530 2590 aequidis·

474 2610 577 2673 tante.
639 2606 711 2673 Nec
741 2612 852 2694 potest
882 2608 988 2676 flexus
1021 2609 1076 2674 hic
1113 2605 1312 2675 considerari
1349 2607 1530 2674 secundum

474 2708 725 2776 declinationem
755 2710 947 2794 horizontis,
978 2711 1057 2798 quia
1091 2710 1200 2777 adhuc
1229 2709 1376 2777 flectitur
1405 2709 1442 2776 in
1472 2709 1531 2775 illo

473 2809 610 2878 dimidio
639 2834 728 2879 anno
758 2814 801 2880 ad
831 2813 1048 2881 meridianam
1078 2817 1207 2901 partem
1237 2811 1438 2890 horizontis,
1469 2833 1531 2879 nec

472 2913 574 2980 habet
599 2915 875 3004 comparationem
906 2917 949 2982 ad
975 2916 1158 2996 horizonta,
1181 2914 1246 2981 nisi
1272 2918 1408 3002 propter
1428 2914 1532 3000 aqui-

473 3016 681 3084 distantem:
724 3041 802 3107 ergo
834 3018 1041 3105 judicabitur
1080 3017 1260 3084 secundum
1303 3038 1384 3084 eam.
1452 3015 1531 3082 Non

472 3119 576 3206 igitur
598 3121 733 3188 videtur
755 3122 843 3208 quod
869 3122 924 3188 hic
946 3123 1053 3189 flexus
1075 3121 1181 3208 possit
1204 3120 1326 3186 salvari
1348 3118 1531 3186 secundum

472 3223 657 3303 veritatem,
685 3224 743 3290 aed
768 3225 948 3291 secundum
974 3225 1138 3312 judicium
1171 3244 1292 3289 sensus
1337 3221 1427 3287 Nam
1453 3221 1532 3308 quia

471 3323 508 3388 in
528 3326 695 3390 communi
713 3327 840 3412 judicio
855 3327 1044 3413 judicamus
1065 3325 1243 3392 secundum
1264 3346 1407 3404 sensum,
1423 3325 1532 3390 multa

472 3427 685 3513 reperiuntur
715 3428 805 3515 apud
836 3435 986 3495 auctores
1017 3450 1092 3516 quae
1124 3428 1214 3493 dicta
1245 3433 1324 3493 sunt
1350 3427 1532 3493 secundum

472 3530 559 3615 quod
580 3537 749 3617 apparent.
797 3531 849 3595 Ex
870 3533 1078 3619 perspectiva
1099 3531 1205 3618 igitur
1220 3531 1346 3596 dietum
1367 3534 1426 3608 est,
1442 3528 1532 3616 quod

472 3633 577 3719 magis
601 3634 907 3720 comprehendimus
931 3634 1128 3701 distantiam
1154 3633 1325 3699 stellarum
1346 3632 1383 3697 in
1406 3632 1534 3698 oriente

471 3741 505 3801 et
535 3736 712 3818 occidente,
743 3742 877 3825 propter
908 3737 1194 3825 interpositionem
1226 3740 1333 3818 terrae,
1365 3756 1466 3820 quam
1497 3735 1533 3799 in

471 3839 617 3905 meridie.
664 3840 709 3905 Et
746 3840 829 3919 ideo,
868 3840 947 3906 licet
984 3838 1164 3906 secundum
1201 3837 1324 3903 lineam
1355 3842 1529 3902 extensam

470 3941 559 4008 inter
583 3942 744 4009 orientem
768 3949 803 4010 et
829 3941 1052 4010 occidentem⁸
1079 3942 1239 4008 videntur
1263 3940 1337 4028 plus
1360 3940 1484 4007 distare
1509 3962 1530 4005 a

476 4127 693 4139 ——-.-—-....—-

1055 4244 1065 4273 ⁵
1076 4259 1147 4294 anam
1153 4240 1269 4309 prodam]
1277 4242 1383 4308 gradum
1394 4255 1480 4302 unum,
1493 4239 1524 4292 Τ.

1056 4324 1066 4352 ⁶
1082 4322 1274 4389 oeqaidmmntes]
1322 4319 1529 4385 “oequidisunter

504 4370 564 4419 ²ad
574 4371 719 4438 aquilonem]
739 4374 918 4463 adqmeridiem,
930 4375 970 4435 T,
1021 4409 1036 4432 a
1053 4409 1112 4454 ,unt
1140 4401 1252 4466 pampeli
1271 4416 1333 4465 qm
1355 4399 1474 4451 describit
1491 4401 1529 4452 sol

468 4450 594 4500 corrected
604 4449 670 4499 from
682 4452 713 4500 ab
724 4453 847 4516 aquilone.
1021 4486 1035 4511 a
1053 4480 1122 4533 omni
1135 4480 1199 4531 Μ
1227 4480 1258 4531 Τ,
1271 4479 1390 4545 imag,

502 4539 563 4590 'ad
579 4559 722 4592 ......
723 4543 832 4610 eridiem]
851 4545 968 4598 mman-
1057 4561 1120 4627 Ha]
1140 4559 1232 4612 0m‚'1¹,

471 4621 548 4684 diem,
561 4621 605 4671 sed
616 4621 648 4670 ad
659 4621 810 4688 aquflonem,
828 4623 859 4676 Τ.
1053 4630 1193 4691 formum
1203 4646 1227 4691 et
1236 4636 1392 4706 occidam
1406 4637 1489 4692 oriens
1499 4647 1527 4692 et

502 4714 511 4743 ⁴
528 4711 566 4778 ia]
586 4727 634 4764 orn.
646 4712 677 4764 Τ.
1019 4719 1143 4786 occidens,
1158 4719 1190 4772 B.
1197 4718 1228 4772 Τ.

503 4266 510 4296 ¹
531 4267 557 4314 ia
568 4265 681 4333 zodiaco]
700 4282 749 4319 om.
762 4268 793 4320 Τ.
