3586 5640
305 799 391 888 mu]
699 817 787 866 orus
809 817 969 867 carrion.
1293 800 1358 864 215

305 997 340 1058 et
354 992 467 1057 omnia
481 991 623 1057 redeunt
645 992 688 1056 ad
712 992 801 1057 idem
817 994 974 1079 temporis
997 992 1202 1078 principium.
1249 992 1295 1056 Et
1309 991 1362 1055 hic

305 1095 424 1180 cyclus,
448 1116 522 1160 cum
545 1094 725 1160 canonibus
748 1096 816 1160 suis
839 1099 874 1159 ct
895 1093 1167 1181 expositionibus,
1192 1099 1242 1158 est
1273 1093 1361 1180 apud

305 1220 361 1264 eos
381 1197 454 1264 loco
477 1197 633 1284 computi,
656 1200 691 1261 et
712 1196 898 1264 kalendarii
920 1197 1010 1283 apud
1032 1219 1100 1274 nos,
1124 1201 1287 1281 quantum
1318 1193 1361 1259 ad

305 1301 418 1366 multa
465 1299 511 1364 Et
547 1298 632 1364 hanc
670 1298 818 1365 tabulam
857 1301 963 1365 literis
1001 1299 1174 1364 Hebraicis
1211 1298 1286 1362 misi
1324 1297 1361 1360 in

306 1404 412 1490 Opere
435 1402 564 1487 lllajori,
588 1424 663 1468 cum
685 1402 756 1488 ejus
790 1403 995 1491 expositione
1016 1406 1051 1468 et
1074 1401 1253 1466 moenibus
1282 1400 1358 1476 suis,

305 1506 483 1572 secundum
506 1504 596 1591 quod
618 1506 765 1593 pertinet
786 1506 829 1571 ed
852 1511 1043 1593 computum
1066 1526 1187 1570 eorum.

749 1804 827 1870 Car.
853 1805 920 1869 LV.

354 2006 479 2072 Posffl
500 2008 545 2073 sic
577 2008 614 2071 in
645 1977 823 2072 universali
856 2007 984 2074 ratione
1014 2007 1172 2095 temporis
1203 2004 1495 2098 Hebraeo-spuica-

307 2131 391 2191 rum,
415 2133 503 2175 nunc
526 2109 601 2176 volo
631 2110 794 2196 applicare
824 2132 897 2175 eam
923 2112 966 2175 ad
997 2093 1208 2197 Scriptorum,
1233 2119 1302 2177 tam
1325 2085 1515 2216 inflfssssgiss‘

307 2212 407 2277 Novo
437 2235 537 2298 quem
575 2213 611 2277 in
649 2212 764 2278 Veteri
797 2211 1017 2291 Testamento,
1050 2236 1149 2299 quam
1180 2215 1223 2279 ad
1249 2215 1361 2301 aliquo
1372 2219 1484 2296 remarks
1497 2227 1523 2268 to

308 2315 466 2401 exempla,
483 2321 522 2381 ut
544 2316 614 2380 hec
636 2315 803 2401 persuasio
818 2315 964 2401 requirit.
1011 2315 1158 2382 Primum
1174 2318 1359 2404 exemplum
1372 2300 1488 2417 ἓξὲξ,
1502 2352 1529 2401 in

308 2417 449 2482 occurrit
471 2418 512 2482 de
533 2417 704 2484 lunatione
730 2441 751 2483 a
777 2418 938 2505 principio
965 2420 1100 2484 mundi:
1141 2443 1217 2485 nam
1242 2420 1359 2508 vulgus
1373 2419 1516 2498 Scriptum

308 2519 535 2606 theologorum
579 2521 725 2585 {estimat
769 2521 857 2607 quod
902 2522 968 2586 fuit
1013 2522 1133 2610 plena;
1179 2530 1213 2589 et
1258 2523 1360 2609 aliqui
1371 2486 1505 2618 ffittyiiff

308 2623 479 2687 doctorum
502 2628 688 2688 sanctorum
711 2623 914 2690 inclinentur
935 2625 1061 2691 adhoc
1084 2630 1217 2715 propter
1239 2626 1492 2738 perfec-133¹&

308 2726 433 2792 tionem
450 2747 587 2812 operum
602 2726 798 2793 divinorum.
845 2728 911 2793 Sed
926 2749 1024 2814 opera
1046 2729 1104 2792 illa
1125 2729 1318 2816 inceperunt
1340 2750 1361 2792 a
1427 2723 1434 2738 ⁴

309 2827 463 2918 tenebris,
487 2833 522 2895 et
544 2851 565 2894 a
587 2830 727 2894 materia
750 2829 885 2895 confuso
906 2830 1032 2909 mundi,
1056 2836 1091 2896 et
1113 2831 1244 2896 defectu
1266 2853 1361 2896 orne-

309 2935 364 2996 tus
386 2937 422 2997 et
443 2930 676 3012 distinctionis,
700 2937 739 2997 ut
769 2954 880 2997 omnes
903 2933 1058 2998 fatentur.
1120 2932 1200 2997 Ideo
1223 2955 1289 2998 non
1312 2937 1363 2998 est

310 3035 430 3100 mirum
460 3034 489 3099 si
520 3039 652 3122 tempus
690 3035 815 3122 incepit
849 3035 891 3100 ab
920 3034 1167 3120 imperfectione
1199 3035 1281 3100 lucis
1312 3035 1362 3100 lu-

309 3159 407 3202 naris.

355 3241 402 3306 Et
435 3261 509 3305 cum
531 3239 644 3306 Judaei
677 3245 712 3307 et
746 3239 936 3327 Scriptura¹
963 3244 1106 3306 utuntur
1136 3245 1282 3327 tempore
1313 3241 1362 3305 lu·
1376 3254 1521 3321 ostheusy

311 3343 392 3423 nari,
426 3348 461 3408 et
498 3365 625 3410 menses
663 3343 794 3408 lunares
831 3344 992 3431 incipiant
1028 3367 1050 3408 a
1082 3344 1261 3422 novilunio,
1295 3367 1362 3411 non
1374 3322 1532 3442 fflfffl

310 3468 332 3510 a
368 3445 558 3533 plenilunio,
597 3446 732 3511 videtur
769 3446 902 3512 omnino
939 3469 1068 3514 necesse
1105 3449 1194 3534 quod
1238 3449 1363 3535 primus

311 3549 433 3614 mensis
455 3549 492 3612 in
513 3548 676 3636 principio
694 3548 853 3635 inceperit
874 3573 895 3614 a
916 3550 1093 3617 novilunio.
1143 3551 1261 3631 Quod²
1284 3571 1363 3616 vero

312 3650 473 3736 Magister
509 3651 545 3715 in
584 3650 752 3728 Historiis,
793 3673 893 3736 quem
929 3653 1049 3740 vulgus
1087 3655 1245 3739 sequitur,
1283 3653 1365 3718 dicit

311 3754 400 3839 quod
431 3752 504 3819 Noe
535 3774 684 3840 egressus
719 3758 770 3819 est
800 3776 909 3821 ercam
940 3755 1095 3821 vicesimo
1125 3761 1244 3822 octava
1274 3755 1362 3834 luna,

313 3855 404 3921 Beda
426 3855 507 3921 dicit
530 3856 619 3941 quod
641 3855 800 3922 vicesima
821 3858 971 3944 septime,
1004 3864 1039 3923 et
1061 3859 1150 3944 quod
1172 3879 1232 3944 pro
1256 3878 1365 3922 errore

311 3980 369 4023 suo
408 3958 516 4045 fingit,
554 3959 686 4024 dicens:
728 3959 873 4026 “Potest
910 3967 1020 4030 eutem
1059 3983 1128 4027 esse
1166 3961 1255 4046 quod
1292 3959 1365 4024 Noe

312 4069 329 4095 ‘¹
352 4083 499 4148 egressus
522 4067 573 4128 est
594 4063 635 4128 de
655 4084 731 4128 orca
745 4063 903 4130 vicesima
917 4065 1065 4151 septima,
1078 4064 1149 4151 jam
1172 4064 1365 4129 imminente
1420 4081 1422 4084 ·

311 4164 509 4230 “vicesima
542 4170 678 4246 octem3
725 4167 835 4232 medie
857 4189 935 4233 vero
957 4173 1106 4254 tempora
1143 4171 1365 4233 extremorum

313 4273 331 4303 “
354 4268 486 4333 nomine
500 4290 587 4356 saepe
608 4269 1086 4351 nominentur;”-manifeste
1108 4274 1201 4358 petet
1225 4269 1365 4346 felsum;

312 4370 391 4457 quia
412 4369 436 4435 J
439 4371 525 4437 udaei
558 4393 625 4438 non
638 4460 642 4466 Ι
656 4373 821 4461 incipiunt
854 4373 942 4456 diem
973 4374 1038 4440 nisi
1069 4374 1112 4440 ab
1135 4395 1247 4441 occasu
1281 4372 1365 4439 solis.

603 4565 640 4568 ---—
670 4566 678 4569 ψ-
687 4564 812 4571 »-..,,.-.-
826 4565 1002 4573 .——-—·-—·
1012 4567 1020 4571 -
1032 4568 1039 4575 ,
1055 4566 1153 4574 ..-e—0.
1164 4563 1360 4578 ..wa-...m———y-—u

348 4701 354 4732 ¹
368 4710 390 4754 et
403 4701 548 4770 Scriptura]
568 4719 616 4754 om.
629 4703 660 4754 Τ.
842 4700 848 4772 Ι
903 4703 1011 4771 ²Quod]
1030 4705 1095 4770 quie,
1107 4702 1137 4755 T:
