3586 5640
455 748 498 814 34
832 761 960 815 aeosai
982 752 1127 820 stcoms
1418 745 1508 835 [osa.

286 941 383 995 maros
454 930 678 1014 inveniuntur,
716 933 773 1020 qui
805 933 915 1000 sciunt
944 934 1037 1020 loqui
1067 934 1227 1017 ameum,
1257 937 1292 999 et
1315 929 1507 1013 Arabicum,

285 1008 421 1142 m?
455 1038 490 1100 et
529 1033 722 1173 ¹Hebraeum,
771 1036 858 1102 inter
908 1036 1055 1118 Latinos,
1092 1037 1151 1106 aad
1195 1035 1383 1124 pauoissimi
1429 1040 1508 1102 sunt

456 1135 541 1222 qui¹
573 1138 681 1205 soiunt
717 1138 880 1204 rationem
914 1140 1137 1226 grammatica
1173 1139 1285 1226 ipsius,
1317 1159 1378 1205 neo
1400 1137 1508 1206 saiunt

456 1239 571 1306 dooere
608 1260 703 1306 eam:
741 1240 871 1307 tentavi
908 1241 996 1309 enim
1033 1240 1232 1328 permultos*
1289 1239 1385 1309 Sicut
1418 1238 1507 1310 enim

456 1341 532 1408 latai
576 1342 757 1427 loquuntur
800 1342 931 1429 linguas
975 1364 1057 1430 quas
1108 1342 1291 1423 addiscunt,
1330 1346 1366 1416 et
1404 1340 1507 1410 nesei-

456 1449 520 1509 unt
556 1443 717 1511 rationem
753 1444 983 1530 grammatioae,
1021 1444 1068 1512 sio
1104 1449 1155 1512 est
1195 1445 1237 1512 de
1272 1443 1353 1516 istia
1412 1442 1508 1511 Vidi·

456 1566 530 1611 mus
575 1545 663 1611 enim
700 1546 821 1612 multos
865 1547 974 1630 laioos,
1019 1547 1079 1632 qui
1122 1547 1246 1634 optime
1290 1545 1509 1633 loquebantur

457 1645 624 1728 Latinum,
648 1651 683 1716 st
712 1652 824 1713 tamen
855 1648 940 1717 nihil
970 1648 1137 1716 soiveruut
1170 1649 1212 1716 de
1241 1648 1363 1736 regulis
1399 1668 1508 1736 gram-

455 1747 607 1827 matioea3
629 1754 664 1821 et
685 1747 730 1815 sio
752 1754 803 1822 ost
824 1749 921 1815 modo
943 1750 985 1817 de
1006 1750 1158 1818 omnibus
1188 1748 1339 1820 Hebraeis
1368 1748 1445 1832 fare,
1476 1755 1511 1816 et

455 1849 606 1915 similiter
629 1850 671 1919 de
701 1849 823 1918 Graecis
851 1851 948 1931 veris.
978 1872 1046 1921 nou
1075 1852 1181 1919 solum
1210 1852 1251 1916 de
1288 1849 1422 1919 Latinis
1451 1851 1509 1937 qui

289 1959 342 2012 sot
352 1976 416 2012 even
456 1951 564 2018 sciunt
586 1951 736 2020 Graecum
759 1958 794 2020 et
817 1952 1005 2023 Hebraeum.
1051 1952 1140 2023 Nam
1171 1951 1308 2023 Habaaei
1337 1956 1372 2024 at
1402 1951 1508 2020 Graeci

287 2027 400 2146 ἓξὲξ
456 2055 637 2121 amiserimt
662 2053 860 2142 sapientiam
890 2055 955 2127 Dei
985 2059 1021 2124 et
1049 2055 1244 2144 sapientiam
1281 2053 1506 2143 philosophiae,

287 2161 441 2216 themselves
454 2156 504 2220 ita
528 2157 617 2242 quod
637 2157 823 2243 paucissimi
846 2179 959 2224 eorum
981 2159 1089 2226 sauna
1118 2159 1233 2227 dooere
1261 2156 1507 2247 grammaticam

453 2259 622 2335 veraciter,
645 2281 720 2325 oum
742 2259 847 2326 causis
869 2266 904 2326 et
926 2261 1110 2328 rationibus
1131 2261 1315 2344 mddeudis,
1338 2261 1423 2331 siout
1447 2280 1508 2326 nos

454 2358 566 2424 Latini
584 2359 703 2425 seimus
721 2381 779 2445 per
798 2360 899 2426 libuos
915 2361 1081 2429 Prisoiuui
1120 2363 1166 2429 Et
1180 2364 1290 2431 nullus
1312 2384 1434 2441 eorum,
1450 2361 1506 2448 qui

453 2459 551 2524 seivit
581 2459 706 2542 aliquid
737 2460 780 2527 da
810 2460 940 2547 linguis,
974 2462 1106 2547 estqui
1137 2465 1220 2530 sciat
1257 2465 1417 2530 scientias
1462 2464 1508 2528 Et

452 2558 527 2624 ideo
559 2557 735 2626 transferre
769 2581 837 2626 nou
870 2567 1016 2648 possimt¹
1051 2583 1112 2628 neo
1141 2584 1296 2650 magnam
1325 2565 1506 2631 utilitatem

452 2659 642 2740 sucaranae
661 2681 697 2727 se
720 2661 950 2730 intromittamt
973 2663 1014 2729 de
1032 2662 1136 2732 studii
1157 2667 1331 2750 potestate,
1355 2663 1506 2749 quamvis

285 2777 417 2845 ueeeuty
451 2761 531 2827 boni
566 2761 734 2849 adjutores
770 2768 878 2833 esseut
914 2769 949 2831 at
985 2764 1164 2833 naoessarii
1210 2761 1375 2851 Oportet'
1403 2762 1506 2848 igitur

285 2847 427 2963 ⁰⁰⁰⁰?
452 2864 559 2950 primo
579 2864 700 2932 habere
722 2865 870 2933 homines
899 2866 1060 2954 peritos
1049 2889 1087 2932 ιιι
1114 2864 1238 2952 linguis
1258 2862 1383 2945 alianis,
1414 2867 1449 2928 et
1470 2862 1506 2927 hi

284 2927 408 3030 ieriiuaal
452 2966 567 3034 haberi
589 2990 657 3034 non
678 2972 817 3055 possunt
838 2969 909 3036 sina
930 2969 1058 3056 magnis
1080 2966 1240 3055 expansis
1285 2966 1332 3034 Et
1353 2963 1507 3032 similiter

283 3055 424 3180 ffiffi’
454 3074 583 3155 oportet
631 3067 753 3139 habere
796 3069 896 3136 libros
932 3070 1068 3137 aliarum
1107 3069 1295 3155 linguamm
1338 3067 1505 3155 plurimos,

284 3180 354 3230 these
362 3181 407 3232 de·
453 3171 576 3236 seilicet
605 3170 647 3236 de
668 3172 890 3258 grammatius,
921 3177 956 3238 at
984 3176 1098 3237 textus
1126 3169 1331 3258 singularum
1360 3169 1506 3286 pestium

285 3245 353 3296 ⁰⁰⁰⁰
452 3272 676 3359 philosophia,
714 3277 754 3339 ut
790 3273 983 3341 viderentur
1018 3272 1165 3343 detectus
1202 3275 1237 3340 et
1272 3271 1480 3339 falsitates
1470 3294 1507 3338 m

452 3374 616 3440 codicibus
646 3374 847 3441 Latinorum.
896 3375 964 3443 Sed
1003 3374 1040 3441 bi
1085 3375 1164 3441 libri
1201 3380 1237 3442 et
1271 3374 1324 3443 baa
1361 3397 1508 3462 personae

313 3518 317 3526 ·
452 3498 520 3543 non
541 3481 679 3563 possunt
714 3477 881 3565 procuran'
910 3478 982 3547 sina
1010 3477 1213 3567 principibus
1235 3482 1272 3548 et
1292 3478 1446 3567 paaelatis,
1469 3484 1509 3544 ut

453 3579 663 3647 manifestum
678 3583 736 3647 est

900 3797 981 3866 Osa.
1005 3799 1065 3866 XI.

290 3964 361 4018 ΕΜ
360 3965 423 4018 neu
503 3960 671 4031 Saeuum
699 3960 798 4028 radix
827 3960 926 4027 istius
956 3941 1158 4030 difficultatis
1188 3965 1239 4026 est
1265 3959 1354 4046 quod
1380 3962 1508 4046 oporte-

288 4033 427 4150 mesaia·
386 4099 438 4149 also
456 4069 510 4129 ret
538 4064 658 4130 habere
684 4062 936 4130 mathematicos
963 4061 1114 4149 optimos,
1140 4061 1198 4147 qui
1221 4082 1290 4126 non
1312 4059 1418 4126 solum
1447 4061 1507 4126 sci-

290 4180 374 4230 reqmr
335 4167 423 4282 uireae
458 4170 534 4231 rent
563 4189 609 4245 ea,
633 4187 710 4252 quae
737 4165 901 4232 mandata
930 4168 1009 4230 sunt
1039 4169 1075 4229 et
1104 4162 1198 4242 faeta
1230 4162 1288 4227 sed
1318 4160 1440 4227 addere
1465 4163 1508 4227 ud

289 4233 423 4416 ἔφη
348 4307 413 4416 Ἦ,
458 4289 557 4353 opera
581 4289 703 4349 eorum,
726 4268 815 4355 quod
837 4273 888 4334 ast
910 4266 1005 4332 facile
1026 4264 1121 4331 bonis
1136 4263 1385 4330 mathematicis
1430 4263 1509 4329 Non

289 4367 387 4483 off
388 4376 536 4435 assunt
556 4370 644 4435 enim
667 4370 731 4435 nisi
755 4371 821 4436 duo
851 4368 994 4458 perfecti,
1022 4367 1146 4434 scilieet
1164 4367 1321 4454 magister
1346 4366 1398 4433 ιο
1424 4364 1511 4435 Lon·

492 4662 500 4692 ¹
512 4660 566 4726 qua]
586 4660 653 4726 quia,
664 4661 694 4712 B.
969 4656 978 4728 Ι
1027 4660 1037 4689 ¹
1056 4658 1170 4725 Oportet]
1190 4658 1333 4722 oporteret
1341 4657 1371 4709 B.
1383 4664 1409 4708 st
1419 4655 1493 4708 aaa.
