3586 5640
307 778 416 864 num]
703 770 972 864 oros-'raanan
1293 770 1356 845 271

307 969 494 1055 reipublicae
528 967 686 1044 fidelium,
711 973 745 1031 et
775 965 997 1030 conversionis
1029 962 1223 1043 infidelium,
1247 967 1281 1028 e't
1311 984 1360 1031 re·

305 1072 480 1160 pressionis
519 1092 632 1136 eorum
667 1070 725 1155 qui
756 1091 823 1134 non
854 1072 991 1154 possunt
1029 1066 1185 1131 converti.
1233 1065 1278 1130 Et
1307 1065 1361 1133 hic
1460 1087 1461 1090 ¹

305 1176 401 1261 longe
424 1173 550 1258 majora
575 1178 655 1237 sunt
685 1194 785 1258 quam
818 1171 854 1234 in
889 1170 1041 1235 omnibus
1075 1167 1360 1255 praecedentibus5

305 1284 340 1342 et
373 1299 432 1363 per
463 1275 533 1342 haec
566 1273 802 1340 certificabitur
826 1273 915 1358 quod
945 1271 1179 1337 mathematica
1211 1293 1279 1336 non
1311 1274 1361 1337 est

305 1380 341 1444 in
371 1379 483 1463 aliquo
513 1377 644 1456 vitiosa,
675 1377 732 1441 sed
770 1397 942 1462 praegnans
974 1379 1009 1438 et
1040 1373 1231 1460 plenissima
1268 1372 1358 1441 omni

307 1481 453 1545 utilitate
476 1485 510 1545 et
532 1479 646 1545 decore
668 1479 840 1565 sapientiae
863 1477 1034 1542 ineffabili.
1081 1476 1127 1541 Et
1149 1476 1193 1541 ad
1219 1496 1362 1562 praesens

307 1587 515 1668 comparatur
552 1582 595 1646 ad
632 1582 800 1646 ecclesiam
837 1581 874 1645 in
907 1586 1034 1666 septem
1065 1578 1164 1643 rebus
1197 1578 1362 1661 maximis,

308 1685 458 1770 quamvis
489 1684 525 1748 in
553 1683 669 1748 multis
700 1685 803 1769 possit
837 1682 1024 1769 comparari.
1072 1680 1137 1746 Sed
1171 1681 1237 1748 tria
1273 1701 1362 1747 nunc

308 1785 477 1851 sufficiunt
499 1790 631 1872 propter
653 1785 799 1872 ipsorum
821 1784 1085 1871 magnitudinem
1100 1789 1143 1848 et
1166 1805 1327 1850 arcanum.

353 1888 503 1954 Primum
526 1894 576 1955 est
599 1888 640 1953 dc
663 1889 907 1974 comparatione
929 1886 1172 1952 mathematicae
1195 1886 1239 1952 ad
1262 1885 1362 1952 fidam

308 2013 407 2077 quam
430 1997 523 2056 tenet
545 1991 688 2071 ecclesia,
712 1997 752 2056 ut
773 2013 833 2056 nos
855 1991 964 2077 parati
987 1989 1089 2055 simus
1112 1995 1147 2055 et
1170 1989 1362 2054 confirmare

307 2094 525 2180 nosmetipsos
555 2094 592 2158 in
621 2094 687 2160 fida
709 2099 831 2174 nostra,
855 2098 890 2158 et
912 2093 1047 2159 reddere
1077 2093 1241 2159 rationem
1272 2090 1363 2159 omni

308 2197 442 2282 petenti.
490 2195 535 2262 Et
558 2197 619 2261 hoe
643 2202 693 2262 est
716 2218 818 2262 unum
841 2194 882 2261 de
904 2195 1084 2281 majoribus
1111 2195 1210 2261 rebus
1222 2219 1231 2276 ;
1261 2199 1296 2261 at
1326 2194 1363 2261 in

309 2298 370 2362 hoo
392 2297 626 2363 mathematica
648 2298 793 2365 deservit
819 2303 946 2383 quartae
976 2299 1064 2384 parti
1094 2297 1227 2364 moralis
1256 2297 1362 2384 philo·

310 2400 442 2485 sophias,
467 2399 559 2485 cujus
590 2406 640 2464 est
669 2401 837 2486 proprium
869 2401 1087 2467 determinare
1119 2401 1159 2466 de
1191 2399 1296 2478 sectis,
1329 2405 1364 2467 et

310 2503 428 2588 eligere
451 2501 541 2566 illam
566 2523 640 2587 quae
663 2503 771 2568 estin
794 2503 860 2568 fine
883 2504 1044 2580 veritatis,
1067 2509 1102 2568 et
1124 2504 1195 2569 haec
1217 2509 1268 2568 est
1283 2502 1363 2571 fidas

312 2603 519 2684 Christiana3
543 2604 628 2669 sicut
651 2606 914 2671 manifestissime
937 2611 1046 2692 potest
1068 2607 1198 2692 probari
1217 2628 1275 2692 per
1290 2605 1362 2671 vias

309 2706 527 2785 astronomiae,
552 2713 586 2770 et
616 2729 675 2792 per
701 2729 740 2770 ea
762 2729 835 2792 quae
866 2708 924 2771 illa
954 2730 1028 2794 pars
1058 2709 1190 2771 moralis
1221 2707 1362 2793 philoso-

310 2809 397 2894 phiae
421 2809 516 2874 docet
538 2808 717 2894 magnifice.
765 2808 863 2874 Unus
888 2810 992 2895 igitur
1026 2810 1142 2874 medus
1172 2811 1362 2895 negotiandi

309 2913 394 2977 cirea
431 2918 593 2976 sectarum
631 2911 822 2976 electionem
860 2918 911 2976 est
947 2934 1005 2998 per
1042 2912 1284 2989 astronomiam,
1323 2918 1363 2976 ut

310 3015 444 3101 pulchre
468 3014 678 3078 confirmetur
700 3015 789 3092 fides,
814 3035 913 3099 quam
936 3035 1027 3078 sacra
1049 3018 1141 3078 tenet
1168 3013 1308 3093 eeclesia,
1330 3020 1365 3078 et

311 3117 454 3204 gaudeat
498 3117 640 3201 quilibet
672 3116 881 3181 Christianus
914 3116 1002 3200 quod
1039 3117 1265 3181 testimonium
1296 3139 1364 3184 suae

311 3218 388 3282 fidei
410 3217 534 3303 poterit
557 3239 615 3303 per
637 3218 819 3283 sententias
846 3218 1111 3306 philosophorum
1141 3219 1270 3302 habere,
1294 3221 1365 3307 ipsa

311 3321 454 3385 veritate
477 3326 670 3385 coactorum.

357 3423 428 3487 Nec
450 3427 501 3487 est
524 3422 711 3487 mirandum
738 3424 778 3489 de
802 3424 869 3503 hoe,
894 3426 973 3511 quia
1002 3426 1187 3514 philosophi
1215 3427 1365 3494 infideles

314 3525 503 3590 habuenmt
525 3530 631 3589 totam
654 3547 747 3590 suam
770 3527 966 3613 sapientiam
982 3552 1003 3593 a
1028 3531 1148 3595 sanetis
1171 3531 1366 3616 patriarchis

312 3635 347 3694 et
383 3627 564 3714 prophetis,
601 3628 685 3693 sieut
714 3629 751 3692 in
780 3631 923 3695 secunda
954 3637 1048 3717 parte
1081 3632 1196 3718 Operis
1231 3633 1366 3718 Majoris

313 3730 436 3807 edocui,
464 3735 499 3794 et
521 3730 621 3816 tetigi
644 3731 724 3795 satis
747 3732 783 3795 in
806 3734 1013 3819 expositione
1047 3734 1135 3798 illius
1166 3735 1296 3820 partis3
1333 3741 1368 3801 et

314 3833 425 3912 etiam,
450 3833 628 3897 secundum
651 3834 738 3918 quod
763 3835 844 3900 dicit
866 3837 1041 3921 apostolus,
1064 3836 1183 3901 “Deus
1198 3837 1264 3901 illis
1279 3859 1369 3903 reve

314 3941 332 3970 “
355 3933 467 3999 lavit.'’
513 3935 559 3999 Et
574 3934 782 4020 Augustinus
798 3941 832 4001 et
847 3938 953 4002 sancti
968 3939 1029 4002 hoc
1043 3940 1123 4003 satis
1139 3939 1266 4020 docent,
1283 3939 1368 4006 sieut

313 4037 351 4101 in
373 4037 431 4101 ills
453 4043 547 4124 parte
572 4037 688 4123 Operis
712 4038 846 4123 Majoris
869 4040 1012 4126 exposui.
1059 4040 1105 4105 Et
1127 4041 1201 4106 ideo
1229 4044 1367 4108 ostendo

314 4141 478 4225 quomodo
516 4141 695 4204 astronomi
725 4141 903 4206 revolvunt
932 4148 1036 4207 sectas
1074 4144 1267 4230 principales
1297 4167 1364 4226 sex,

315 4243 440 4308 scilicet
480 4249 601 4308 sectam
636 4243 771 4307 Saturni
803 4267 876 4330 quae
916 4251 966 4310 est
995 4246 1199 4328 Judaeorum,
1243 4253 1365 4313 sectam

318 4345 438 4409 Martis
461 4366 535 4429 quae
558 4350 609 4410 est
632 4343 871 4423 Chaldaeorum,
895 4354 1016 4412 sectam
1040 4348 1185 4414 Solarem
1211 4371 1285 4435 quae
1315 4355 1365 4416 est

316 4447 559 4534 AEgyptiorum,
596 4452 718 4515 saetam
757 4450 893 4514 Veneris
932 4473 1005 4536 quaa
1043 4456 1093 4516 est
1119 4452 1363 4532 Saracenorum,

315 4555 350 4614 et
370 4555 493 4615 sectam
512 4549 747 4632 Mercurialem,
764 4573 838 4637 quae
854 4557 904 4617 est
919 4553 1015 4639 plena
1038 4554 1207 4641 sapientia,
1232 4561 1267 4622 et
1290 4556 1365 4627 doe-
