3586 5640
834 773 963 824 nouum
987 771 1133 824 mcosrs
1419 763 1506 849 [cur.

838 1104 944 1206 'crs
969 1138 1102 1205 xvm.

290 1347 372 1428 These
380 1346 444 1399 diffi·
502 1343 614 1409 Pnrxr
644 1307 747 1430 igitur
782 1344 870 1429 quod
903 1342 1061 1429 scriptum
1096 1341 1275 1432 principale
1311 1364 1378 1410 non
1411 1345 1505 1432 potui

288 1415 444 1531 {fflffi
456 1446 595 1523 mittere,
612 1446 669 1511 sed
693 1446 840 1532 oportuit
863 1467 915 1511 me
935 1445 1075 1511 formare
1101 1446 1229 1532 aliquid
1252 1447 1503 1532 praeambnlum,

288 1547 396 1624 inducar
454 1549 490 1614 in
512 1565 578 1634 quo
600 1548 724 1614 radices
751 1549 908 1628 meliores,
931 1553 966 1614 et
992 1569 1099 1614 ramos
1121 1549 1329 1635 proceriores,
1353 1554 1388 1616 et
1410 1549 1506 1616 fiores

289 1613 404 1743 iissptss„
452 1649 660 1737 pulchriores,
698 1655 733 1716 et
772 1649 897 1716 fructus
926 1650 1086 1716 dulciores
1116 1651 1371 1737 praemitterem:
1408 1653 1507 1718 dmul

286 1745 340 1860 ‹¹1¹¹ss
351 1746 429 1797 Μ’»
454 1751 670 1819 ostendendo¹
693 1752 843 1840 qualiter,
864 1758 898 1819 ct
913 1753 1032 1838 quibus
1047 1752 1182 1819 auxiliis
1204 1758 1240 1819 et
1259 1754 1412 1841 expensis
1434 1777 1506 1842 poe

289 1818 396 1930 effi}
453 1854 522 1920 sint
544 1854 655 1920 omnia
675 1853 756 1935 fieri,
786 1859 822 1922 et
843 1855 1006 1942 quomodo
1028 1854 1264 1942 impedimenta
1290 1862 1506 1923 amoveantur

453 1956 573 2037 omnia,
596 1961 636 2023 ut
650 1956 772 2023 centies
795 1956 929 2023 melius*
954 1956 1177 2039 fiansvestra
1202 1958 1400 2024 auctoritate
1422 1981 1505 2044 prae·

453 2063 666 2147 cognoscente
687 2057 816 2145 pondus
838 2058 972 2146 negotii,
997 2073 1097 2144 quam
1119 2058 1208 2144 quod
1229 2059 1421 2146 incepissem
1443 2059 1505 2124 im-

453 2161 632 2250 prudenter
655 2181 737 2249 opus
766 2160 954 2248 principale,
978 2165 1013 2226 et
1035 2160 1152 2248 pejus⁸
1172 2163 1405 2249 promovissem
1428 2159 1508 2249 per⁴

454 2285 508 2330 me
521 2264 636 2342 solnm,
651 2267 687 2329 et
708 2283 877 2348 nunquam
900 2263 944 2328 ad
965 2263 1177 2329 medietatem
1195 2263 1432 2350 pervenissem3
1447 2286 1507 2330 nec
1623 2264 1626 2269 ’

454 2386 581 2453 possem
604 2363 722 2430 melius
741 2362 862 2443 fecisse,
890 2383 989 2448 quam
1009 2363 1056 2430 sic
1078 2363 1115 2430 in
1137 2370 1282 2432 tractatu
1305 2365 1507 2453 praeambulo

454 2471 563 2533 totum
590 2465 761 2554 negotium
783 2466 962 2532 ostendere.
1012 2465 1101 2530 Nam
1131 2467 1242 2532 omnia
1271 2469 1405 2555 negotia
1433 2490 1505 2554 per-

454 2574 544 2649 eunt,
570 2568 629 2634 nbi
654 2568 803 2634 homines
831 2567 950 2632 nolunt
979 2567 1192 2647 considerare,
1218 2569 1299 2654 quid
1328 2569 1373 2634 sit
1403 2569 1505 2654 quod·

453 2671 537 2738 libet
561 2669 732 2759 negotium
755 2669 792 2734 in
815 2667 993 2735 universali
1016 2673 1052 2734 et
1076 2667 1113 2733 in
1143 2689 1280 2749 summa,
1305 2674 1341 2734 et
1363 2691 1436 2755 quae
1459 2669 1505 2734 sit

455 2773 584 2840 utilitas
606 2772 789 2862 cujuslibet,
816 2775 852 2838 et
880 2766 1182 2858 quaejexigancur‚⁶
1206 2776 1239 2836 et
1266 2770 1407 2857 qualiter
1432 2770 1504 2836 fieri

454 2875 609 2958 habeant,
639 2880 674 2942 et
711 2875 831 2960 quibus
861 2870 1036 2950 laboribus,
1068 2878 1103 2939 et
1132 2872 1250 2958 quibus
1280 2871 1439 2958 expensis,
1470 2877 1505 2938 et

455 2978 576 3065 quibus
595 2976 737 3044 auxiliis
782 2975 828 3042 Et
842 2974 915 3040 ideo
936 2973 1065 3040 decrevi
1079 2975 1149 3041 haec
1169 2974 1281 3039 omnia
1295 2974 1503 3062 praemittere,

429 3087 495 3148 ‘ut
516 3081 578 3148 hoc
599 3081 769 3168 negotium
791 3076 970 3144 maximum
993 3097 1144 3163 processu
1167 3076 1279 3142 debito
1300 3074 1503 3154 terminetur.

879 3434 958 3501 Osr.
982 3431 1075 3497 XIX.

283 3622 441 3740 gssfflffily
500 3625 672 3707 Quonam
696 3644 776 3689 vero
805 3645 826 3688 a
855 3622 962 3709 longis
991 3619 1194 3709 temporibus
1222 3621 1289 3688 fuit
1313 3627 1423 3689 vestra
1453 3647 1503 3689 sa

284 3693 413 3808 misi&
451 3726 579 3813 pientia
601 3724 743 3813 nogotiis
766 3723 990 3791 ecclesiasticis
1010 3727 1045 3789 et
1062 3723 1148 3789 euris
1168 3724 1270 3789 variis
1291 3746 1400 3790 rerum
1421 3725 1502 3811 pub

285 3825 587 3899 morandlioarum
614 3832 779 3914 occupata,
804 3831 904 3912 atque
927 3825 1021 3890 sedes
1044 3825 1222 3912 apostolica
1244 3847 1312 3892 non
1338 3826 1503 3912 permittit

212 3927 214 3929 -
284 3896 432 3954 interpreter

283 3954 383 4008 vinis
451 3929 617 3996 hominem
640 3951 756 3994 vacare
780 3927 885 3993 multo
908 3925 1028 4008 studio,
1050 3930 1086 3992 ct
1107 3927 1178 3993 haec
1200 3948 1274 4013 quae
1296 3926 1401 3992 scribo
1424 3933 1503 3992 sunt

451 4056 580 4122 magnae
602 4029 805 4097 difficultatis
827 4034 862 4096 et
882 4033 1039 4096 extranea
1060 4028 1170 4094 sensui
1191 4027 1379 4105 multorum,
1399 4027 1503 4113 major

450 4135 515 4203 fuit
544 4155 617 4200 mea
645 4131 830 4200 sollicitudo
861 4131 902 4197 de
938 4129 1118 4198 mediatore
1147 4129 1274 4210 idoneo,
1304 4133 1422 4196 vestrae
1453 4152 1501 4196 re·

487 4485 659 4553 weremund]
678 4486 790 4547 ostendo,
803 4484 837 4536 U.
1034 4482 1136 4548 Ἢν]
1155 4482 1261 4548 parcius,
1278 4482 1308 4533 T.

487 4568 594 4618 'cantica
610 4564 705 4632 melius]
722 4563 815 4617 centies
826 4561 952 4623 millesies,
1033 4563 1042 4592 ⁴
1048 4561 1109 4627 pet]
1123 4563 1163 4620 ad,
1180 4561 1213 4613 Τ.

454 4649 486 4700 U.
1032 4639 1193 4707 ’atqcst
1211 4641 1355 4708 exiguntur,
1366 4641 1441 4693 MSS.
