3586 5640
453 738 497 801 90
856 741 985 802 nouum
1007 750 1153 802 ssooms
1421 739 1508 826 [ese.

450 925 603 1007 fideliter,
639 929 774 1013 propter
813 875 1045 992 diversitatem·
1078 926 1316 1013 proprietatum
1353 927 1509 1013 loquendi

285 1030 414 1108 Thediffi.
451 1029 488 1093 in
517 1028 655 1093 diversis
676 1029 807 1116 linguis.
877 1027 966 1092 Nam
990 1029 1080 1115 quod
1113 1029 1196 1094 bene
1218 1033 1349 1094 resonet
1371 1029 1408 1093 in
1430 1051 1505 1107 une,

283 1097 430 1215 ffissgn
452 1131 633 1197 absurdum
656 1131 767 1196 estin
789 1131 854 1197 alia
877 1135 911 1197 et
932 1131 1156 1197 ridiculosum.
1216 1129 1316 1196 Unde
1342 1131 1508 1218 Hierony-

283 1231 407 1281 nomene
452 1256 526 1299 mus
548 1234 630 1299 dioit
651 1234 737 1299 libro
769 1239 958 1312 memorato,
992 1255 1066 1299 eum
1089 1234 1271 1299 Homerum
1293 1234 1450 1300 transfers
1472 1235 1508 1299 in

284 1298 406 1416 {iffi
414 1305 441 1348 ¹⁰
454 1336 612 1401 Latinum
635 1336 765 1402 videbis
787 1336 971 1416 ridiculum,
995 1339 1029 1401 et
1050 1340 1182 1422 potitam
1204 1335 1507 1422 eloquentissimum

453 1439 515 1503 vix
547 1439 747 1525 loquentem.
807 1440 853 1504 Et
885 1439 947 1504 hoe
980 1443 1091 1525 potest
1126 1437 1267 1524 quilibet
1298 1438 1444 1526 probare,
1480 1439 1508 1503 si
1622 1503 1624 1508 .

453 1541 624 1607 seientiam
646 1563 746 1628 quem
768 1543 865 1607 novit
890 1541 972 1607 velit
993 1543 1029 1605 in
1051 1541 1199 1628 linguam
1221 1545 1407 1606 maternam
1434 1561 1508 1607 oon·

453 1649 591 1711 vertere.
642 1643 738 1710 Certe
769 1645 892 1731 logicus
922 1664 990 1709 non
1023 1643 1167 1730 poterit¹
1202 1644 1384 1729 exprimere
1415 1662 1508 1708 suam

453 1745 595 1832 logicam
622 1747 650 1810 si
665 1750 878 1812 monstrasset
900 1767 958 1833 per
980 1744 1161 1810 voeabula·
1179 1745 1303 1831 linguse
1323 1749 1508 1824 mntemae;

454 1849 512 1913 sed
535 1851 701 1935 oporteret
722 1849 831 1935 ipsum
853 1869 943 1914 nova
963 1848 1095 1935 fingere,
1118 1852 1152 1912 et
1183 1847 1257 1912 ideo
1287 1868 1356 1912 non
1386 1847 1508 1912 intelli-

454 1954 590 2038 geretur
621 1951 685 2016 nisi
718 1973 738 2016 e
772 1951 886 2039 seipso.
949 1950 995 2016 Et
1016 1949 1064 2016 sio
1086 1949 1126 2015 de
1149 1949 1224 2014 aliis
1246 1947 1399 2013 scientiis.
1461 1948 1506 2012 Et

455 2053 517 2120 hoo
538 2054 690 2120 videmus
712 2054 749 2119 in
770 2053 986 2120 idiomatibus
1017 2052 1155 2119 diversis
1187 2051 1333 2138 ejusdem
1363 2050 1507 2138 liuguae3

427 2202 429 2207 μ
454 2176 533 2221 nam
555 2156 678 2222 idioma
700 2161 751 2222 est
773 2156 955 2244 proprietas
977 2155 1117 2243 alieujus
1139 2156 1263 2243 linguae
1284 2153 1443 2219 distinete
1464 2151 1507 2218 ab

454 2257 541 2338 elia3
571 2263 611 2324 ut
643 2259 856 2339 Pieardicum,
887 2265 922 2324 et
954 2258 1126 2338 Gallicum,
1160 2263 1195 2323 et
1226 2254 1441 2335 Provinoiale,
1473 2259 1508 2321 et

455 2359 567 2423 omnia
588 2359 748 2424 idiomata
770 2381 791 2422 a
821 2359 944 2423 finibus
966 2360 1099 2446 Apuliae
1121 2380 1225 2444 usque
1248 2358 1291 2423 ad
1324 2359 1407 2424 fines
1429 2357 1509 2423 His·

454 2460 568 2545 paniee.
614 2459 704 2522 Nam
726 2461 839 2545 lingua
862 2460 983 2523 Latina
1005 2464 1056 2524 est
1078 2460 1114 2524 in
1136 2459 1188 2524 his
1211 2461 1363 2526 omnibus
1385 2481 1453 2524 una
1474 2464 1509 2524 et

455 2560 577 2639 eadem,
612 2560 791 2624 seeundum
825 2559 1053 2636 substantiam,
1078 2560 1135 2624 sed
1169 2562 1299 2626 variata
1329 2563 1508 2626 secuudum

455 2661 614 2726 idiomate
635 2661 772 2727 diversa
828 2661 874 2727 Et
895 2659 1069 2726 manifeste
1089 2660 1240 2727 videmus
1266 2663 1354 2747 quod
1380 2662 1507 2748 aliquid

455 2764 578 2850 optime
601 2768 636 2830 et
658 2764 788 2852 proprie
809 2768 906 2830 sonat
928 2764 965 2829 in
985 2782 1053 2829 uno
1084 2762 1242 2828 idiomate
1273 2766 1308 2828 et
1333 2762 1506 2827 ridiculose

455 2864 577 2933 sonat⁸
598 2867 635 2932 in
657 2867 744 2948 alio;
777 2872 817 2932 ut
838 2868 932 2954 patet
954 2887 1023 2932 non
1045 2865 1151 2931 solum
1174 2866 1216 2931 de
1237 2864 1426 2952 longinquis
1448 2865 1506 2929 sed

455 2969 741 3058 propinquissimis
753 2995 761 3050 ;
799 2970 884 3037 sieut
921 2968 962 3035 de
985 2967 1130 3034 Pioerdis
1164 2972 1198 3034 et
1230 2966 1390 3048 Gallicis3
1428 2989 1505 3031 nam

453 3079 571 3140 mutuo
608 3096 642 3139 se
680 3072 839 3139 derident
896 3071 943 3138 Et
978 3071 1048 3138 haee
1083 3070 1150 3136 fuit
1186 3090 1284 3136 eausa
1319 3070 1509 3158 principalis

455 3196 556 3261 qnare
605 3177 711 3241 sancti
758 3192 879 3254 omnes,
918 3181 952 3240 et
996 3173 1191 3262 philosophi,
1237 3172 1294 3239 et⁴
1342 3174 1507 3262 sepientes

456 3278 595 3364 antiqui,
619 3279 796 3344 voluerunt
819 3280 900 3344 scire
922 3279 1052 3366 lingnms
1078 3276 1168 3357 alias,
1192 3281 1355 3364 quatenus
1378 3279 1507 3366 inipso

454 3380 547 3447 fonte
570 3380 695 3446 duloius
718 3385 752 3446 et
774 3380 903 3467 plenius
917 3382 1069 3447 biberent
1091 3401 1193 3467 aquas
1216 3381 1394 3469 sapientiae.

288 3483 416 3600 Scienqfiao
502 3482 630 3563 Quarta
667 3504 765 3548 eausa
801 3488 911 3569 potest
948 3504 1017 3548 esse
1055 3482 1143 3569 quod
1179 3485 1340 3551 voeabula
1377 3483 1510 3552 infinita

287 3558 436 3668 ΐέῗέηζθ
456 3592 626 3673 ponuntur
658 3586 694 3649 in
737 3584 886 3651 textibus
927 3585 1102 3673 theologiae
1137 3591 1171 3652 et
1205 3586 1427 3675 philosophiae,
1469 3589 1509 3654 de

288 3684 571 3813 :ffiffssmolienis
593 3689 724 3774 linguis,
758 3711 832 3775 ques
863 3710 930 3754 non
961 3694 1099 3775 possunt
1132 3688 1238 3771 scribi,
1271 3710 1331 3756 nee
1364 3688 1508 3776 proferri,
1596 3765 1599 3771 .

290 3815 371 3867 ruthe
458 3813 518 3856 neo
548 3791 698 3878 intelligi,
734 3790 798 3856 nisi
832 3814 891 3879 per
928 3814 983 3858 eos
1020 3791 1078 3880 qui
1115 3789 1246 3878 linguas
1280 3792 1395 3857 solunt
1463 3789 1509 3854 Et

289 3880 371 3934 ΜΕ
456 3914 586 3958 neeesse
608 3893 674 3960 fuit
696 3894 757 3960 hoo
778 3894 850 3961 fieri
872 3900 1005 3983 propter
1026 3895 1095 3975 hoo,
1112 3892 1200 3981 quod
1214 3894 1360 3959 seientia
1373 3889 1509 3957 fuenmt

457 3996 645 4084 eompositee
667 3995 704 4061 in
735 3998 849 4086 lingua
880 3998 1018 4085 propria,
1052 4003 1086 4063 et
1118 3995 1331 4061 translatores
1362 4010 1429 4058 non
1456 3994 1506 4058 in-

455 4104 620 4165 venerunt
641 4101 678 4164 in
700 4099 815 4189 lingua
838 4098 959 4167 Istius
979 4098 1139 4165 voeabula
1159 4093 1349 4163 suffloentie

495 4457 619 4526 'mill
637 4457 772 4523 ΜΤ·
1007 4457 1505 4525 B-T·1⁴;nir¹emretevooebuliu‚u

499 4539 764 4604 'aimborum
783 4535 962 4603 westukJSo
1041 4540 1146 4605 ⁸m]
1164 4555 1213 4590 ona
1231 4539 1261 4591 T.

471 4617 961 4684 therfllwwmbssle
1042 4618 1212 4686 ‘esJoena
