3586 5640
312 781 376 871 ιιι]
647 802 877 854 coueasnruu
900 805 1024 856 srunrr.
1293 792 1361 860 509

308 977 430 1043 scilieet
464 979 767 1066 antepenultimam,
801 981 854 1046 eui
885 985 1010 1047 caeterae
1037 988 1218 1050 consonant
1240 989 1275 1050 et
1308 1005 1361 1051 ac·

307 1084 484 1145 cantantur
506 1081 581 1147 alise
603 1082 747 1168 syllabae.
794 1082 882 1149 Sunt
897 1083 1058 1170 prosodiae
1074 1085 1191 1150 decem.
1238 1086 1360 1155 Primae

308 1181 382 1248 dure
413 1189 492 1248 sunt
522 1205 632 1250 maora
661 1189 696 1250 et
718 1185 859 1263 brachia,
883 1187 918 1251 id
949 1192 1007 1264 est,
1040 1186 1139 1274 longa
1171 1193 1205 1253 et
1240 1189 1359 1256 brevis.

308 1284 354 1348 Et
376 1291 537 1351 vocantur
559 1292 707 1373 tempora
729 1290 816 1375 apud
840 1289 987 1368 Graecos3
1012 1295 1143 1376 tempus
1167 1291 1304 1378 longum
1327 1297 1362 1359 et

307 1387 430 1467 breve;
453 1410 526 1474 quae
548 1390 663 1475 primae
686 1391 881 1456 dimensioni
903 1392 1137 1472 assimilantur,
1165 1397 1204 1457 ut
1226 1393 1362 1480 praedio-

307 1494 380 1554 tum
414 1497 470 1556 est.
517 1492 562 1556 Et
592 1492 653 1558 hoc
687 1493 856 1559 sciendum
882 1499 932 1560 est
964 1495 1005 1561 de
1036 1495 1099 1575 his,
1125 1495 1218 1581 quod
1251 1518 1362 1562 macra

309 1613 365 1657 seu
388 1593 487 1681 longa
508 1595 687 1661 denotatur
716 1617 774 1683 per
794 1596 915 1663 lineam
946 1602 1069 1663 rectam
1101 1597 1241 1682 positam
1264 1619 1362 1685 super

308 1695 470 1779 syllabam
493 1698 545 1775 sic,
578 1699 673 1785 (-—);
695 1706 730 1764 et
752 1698 884 1765 brachia
915 1699 1066 1786 prosodia
1097 1699 1274 1765 denotatur
1305 1722 1363 1786 per

308 1797 493 1864 inferiorem
532 1806 658 1887 purtem
692 1801 803 1867 circuli
840 1801 893 1881 sic,
919 1802 1003 1888 (υ).
1049 1801 1135 1867 Duae
1172 1823 1251 1867 vero
1288 1802 1362 1868 aliae

307 1902 467 1985 prosodiae
499 1908 577 1968 sunt
600 1901 704 1968 dosia
727 1908 761 1968 et
790 1901 888 1989 peili,
923 1909 957 1969 et
987 1907 1149 1968 vocantur
1171 1911 1362 1990 aeupmotu

307 2005 394 2089 apud
419 2004 556 2081 Graecos,
580 2010 614 2069 et
636 2005 772 2091 spiritus
794 2009 828 2070 et
857 2004 1073 2092 aspirationes
1094 2004 1185 2092 apud
1207 2027 1289 2086 nos;
1324 2012 1358 2072 et

306 2107 531 2172 assimilantur
561 2106 711 2185 secundas
742 2107 949 2187 dimensioni,
983 2111 1023 2172 ut
1046 2107 1172 2172 dictum
1208 2113 1266 2173 est.
1314 2107 1360 2174 Et

308 2208 423 2294 figurae
445 2207 563 2272 harum
597 2230 639 2273 ex
671 2208 775 2273 carreis
808 2213 933 2274 notatae
966 2214 1045 2274 sunt
1076 2208 1167 2295 prius
1178 2233 1188 2288 ;
1222 2208 1361 2296 ideoque

307 2311 602 2395 pertranseundum
632 2315 689 2376 est.
736 2308 913 2375 Sciendum
958 2317 1070 2378 autem
1118 2311 1207 2398 quod
1254 2313 1361 2378 omnis

307 2412 429 2478 vocalis
466 2418 575 2500 potest
611 2412 748 2499 aspirari
786 2412 964 2478 secundum
995 2413 1126 2480 Graecos
1138 2437 1146 2492 ;
1184 2419 1219 2480 et
1250 2415 1361 2502 ypeilo

306 2523 439 2602 propter
462 2516 660 2581 tenuitatem
682 2515 755 2581 soni
785 2537 911 2602 semper
933 2515 1106 2602 aspiratur,
1131 2539 1234 2603 quum
1264 2519 1358 2604 poni·

307 2629 364 2683 tur
394 2620 430 2683 in
462 2618 624 2708 principio
647 2618 802 2685 dictionis
814 2643 822 2700 ;
857 2623 892 2684 et
924 2619 1032 2684 omnis
1063 2619 1165 2686 dictio
1197 2620 1357 2709 incipiens

307 2743 328 2785 a
350 2721 456 2787 vocali
479 2721 579 2787 habet
600 2726 715 2787 notam
738 2720 875 2788 alterius
906 2721 1126 2809 aspirationis.
1173 2722 1219 2788 Et
1241 2723 1362 2789 vocalis

306 2846 433 2911 semper
466 2824 633 2911 aspiratur
665 2847 686 2889 a
719 2829 813 2911 parte
835 2828 922 2901 ante,
956 2830 995 2889 ut
1033 2824 1115 2890 dicit
1152 2823 1359 2902 Priscianus,¹

307 2928 385 3012 quia
407 2928 514 2992 omnis
536 2949 604 2992 vox
635 2927 709 3013 plus
740 2931 837 2991 sonat
870 2947 973 3011 quum
1011 2926 1221 3011 postponitur
1262 2948 1361 3013 quam

307 3051 408 3114 quum
431 3030 652 3115 anteponitur,
684 3027 861 3112 sicutipse
884 3027 973 3105 dicit,
997 3027 1243 3113 propterquod
1276 3031 1360 3114 aspi-

306 3133 391 3197 ratio
413 3152 482 3196 non
505 3131 603 3197 debet
636 3129 715 3215 poni
738 3134 820 3216 post,
852 3149 895 3194 ne
925 3128 1024 3194 nimis
1055 3130 1210 3195 intendat
1244 3151 1360 3197 sonum

306 3234 427 3299 vocalis
450 3254 525 3317 quse
555 3232 698 3297 multum
720 3231 821 3297 habet
843 3231 885 3297 de
915 3252 1003 3312 sono,
1027 3235 1061 3297 et
1084 3231 1159 3297 ideo
1181 3232 1211 3297 ei
1235 3254 1360 3320 praepo·

307 3335 408 3400 nitur.
455 3334 522 3400 Sed
555 3334 750 3401 consonanti
777 3333 988 3420 postponitur
1010 3339 1050 3400 ut
1072 3334 1215 3401 multum
1249 3335 1359 3402 inten-

307 3436 407 3502 datur
429 3458 536 3516 sonus,
560 3436 709 3522 eoquod
739 3457 919 3502 consonans
948 3459 1064 3523 parurn
1094 3437 1194 3504 habet
1217 3439 1257 3504 de
1280 3460 1359 3505 sono

305 3543 454 3625 respecta
477 3538 607 3615 vocalis,
642 3543 677 3604 et
706 3537 781 3604 ideo
813 3539 969 3626 aspiratio
1001 3538 1075 3626 plus
1106 3540 1252 3606 edhaeret
1284 3563 1359 3608 corr-

306 3642 501 3708 sonantibus
534 3662 634 3727 quam
666 3640 842 3706 vocatibus.
900 3640 988 3705 Nam
1021 3641 1110 3727 apud
1141 3649 1358 3709 consonantes

306 3744 427 3808 transit
450 3743 486 3807 in
509 3742 728 3809 substantiam
750 3741 823 3806 soni
845 3763 966 3820 eorum,
994 3748 1033 3808 ut
1056 3743 1136 3809 dicit
1159 3743 1355 3825 Priscianus,

305 3845 448 3911 maxime
478 3846 515 3909 in
536 3845 648 3922 mutis,
671 3844 750 3930 quia
772 3843 999 3930 imperfectum
1021 3844 1146 3911 hubent
1172 3867 1298 3923 sonum,
1322 3853 1356 3913 et

304 3949 379 4014 ideo
402 3970 501 4014 sonus
523 3968 636 4013 eorum
658 3944 857 4011 naturaliter
879 3946 1043 4012 desiderat
1058 3947 1228 4013 fortificari
1251 3949 1356 4034 magis

305 4073 403 4136 quam
437 4051 510 4116 soni
551 4049 689 4115 aliarum
719 4047 899 4128 literarum,
930 4048 1009 4135 quia
1046 4069 1098 4114 res
1135 4049 1356 4136 imperfectior

303 4154 408 4241 magis
447 4152 575 4240 indiget
604 4149 808 4238 perfectione.
870 4149 935 4216 Sed
973 4155 1075 4217 rnutae
1112 4151 1201 4216 inter
1238 4173 1354 4217 omnes

304 4256 452 4322 homines
473 4255 598 4321 habent
620 4274 737 4318 sonum
761 4252 866 4340 magis
888 4252 1123 4340 imperfectum.
1179 4253 1225 4318 Et
1248 4253 1354 4320 solum

303 4362 518 4424 consonantes
555 4356 644 4443 apud
679 4354 810 4422 Graecos
840 4353 919 4420 forti
952 4354 1161 4443 aspiratione,
1196 4377 1271 4442 quae
1304 4363 1355 4424 est

653 4678 831 4746 Ἠετίωνι]
850 4679 910 4731 mid
927 4694 951 4744 p.
964 4683 986 4731 8.
