3586 5640
305 789 477 881 mm]
697 806 786 857 orus
807 805 968 856 ιιιιιιιιιιι
1297 790 1361 860 123

354 979 421 1046 Sod
450 978 577 1046 dicotur
602 980 645 1045 od
670 978 741 1060 hoc,
768 981 856 1066 quod
881 979 952 1045 haeo
967 978 1086 1045 divisio
1115 978 1263 1045 moteriae
1289 992 1419 1046 nonni·
1434 1009 1531 1047 mer

304 1089 355 1150 eet
392 1083 572 1150 secundum
609 1083 777 1149 alietatem
814 1104 933 1163 veram,
976 1083 1033 1148 sed
1071 1087 1290 1170 apparentem,
1322 1085 1357 1147 οι
1366 1062 1462 1191 ἷζοιέξ
1458 1064 1527 1181 Ἔα,

304 1187 485 1253 iocundum
514 1208 642 1264 nomon,
674 1186 753 1272 quin
781 1207 849 1250 uno
878 1190 929 1250 est
958 1206 1102 1265 numero,
1134 1190 1169 1250 et
1198 1185 1272 1250 ideo
1294 1183 1358 1249 ont
1369 1195 1532 1247 thuumron

305 1289 389 1355 haec
402 1289 522 1354 divisio
551 1288 656 1353 solum
681 1286 858 1353 secundum
888 1287 1023 1352 modum
1051 1287 1213 1374 loquendi.
1260 1286 1295 1351 Is
1296 1285 1358 1352 tud
1296 1277 1481 1379 llum!

308 1392 437 1456 deletur
475 1390 542 1455 sic:
588 1390 638 1454 si¹
676 1411 837 1476 ponamus
881 1389 951 1469 hoc,
978 1395 1059 1454 tunc
1103 1410 1178 1455 oum
1219 1389 1503 1455 materiatum.

307 1493 378 1559 haeo
407 1492 528 1558 habent
559 1491 696 1557 formam
726 1491 856 1578 generis
885 1491 1128 1578 generalissimi,
1152 1496 1187 1557 et
1201 1492 1262 1556 fiat
1286 1493 1362 1557 sub-

308 1595 433 1660 stantia
479 1616 553 1680 quae
592 1599 643 1659 cot
681 1615 784 1679 genus
828 1593 1121 1679 generalissimum,
1164 1594 1255 1659 non'
1300 1595 1363 1660 orit

309 1695 442 1782 ιιιιοιιιιι
470 1696 608 1762 ulterior
637 1695 827 1761 differentia
857 1696 1013 1774 ιιιοιοιιιιι,
1037 1717 1098 1761 noc
1127 1696 1257 1783 gradus,
1287 1696 1365 1762 licet

308 1799 431 1885 gradus
460 1799 574 1865 formoe
604 1798 773 1864 addantur
795 1819 898 1884 usque
930 1798 973 1862 od
1004 1798 1296 1885 specialissimam
1325 1804 1365 1865 ut

309 1902 483 1988 loquamur
521 1901 562 1966 do
602 1901 799 1977 substantio,
822 1905 858 1966 οι
879 1920 1022 1986 corpore,
1060 1922 1130 1966 nou
1167 1901 1302 1981 coelesti,
1329 1905 1364 1967 ot

310 2004 424 2081 mixto,
456 2009 491 2069 et
513 2002 669 2082 animato,
694 2009 729 2068 et
751 2002 898 2080 animali,
923 2008 958 2067 et
980 2003 1094 2068 asino:
1118 2003 1173 2068 hic
1194 2025 1271 2088 ergo
1286 2007 1366 2068 sunt

310 2112 437 2193 septem
468 2106 592 2193 gradus
623 2106 736 2171 formae
767 2128 788 2169 n
821 2105 1065 2192 generalissimo
1098 2105 1142 2170 od
1175 2105 1366 2192 specialissi-

311 2231 411 2285 mum,
436 2208 568 2287 ocilioot,
593 2207 698 2274 forma
712 2207 950 2286 substantialis,
967 2207 1073 2272 formo
1092 2209 1275 2297 corporalis,
1298 2228 1367 2273 non

312 2310 435 2375 ooelost
411 2315 464 2389 t,1s
486 2309 592 2374 formo
613 2310 720 2387 mixti,
754 2310 862 2376 forma
893 2310 1044 2390 animati,
1077 2309 1182 2375 formo
1203 2310 1364 2389 animalis,

313 2413 420 2477 formo
442 2411 526 2476 asini
558 2412 706 2499 specifici.
763 2413 829 2477 Sed
857 2434 878 2476 o
908 2416 1004 2500 porte
1035 2413 1183 2479 materiae
1214 2435 1281 2477 non
1315 2416 1367 2479 est

314 2514 433 2600 aliquis
463 2512 594 2600 gradus,
625 2534 686 2578 neo
716 2513 910 2592 differentia,
943 2516 1021 2602 quin
1050 2537 1118 2580 uno
1149 2519 1200 2581 cst
1229 2537 1366 2581 numero

312 2616 458 2682 indiviso
488 2615 668 2681 secundum
709 2616 886 2682 essentiam
915 2640 1019 2700 suam,
1051 2623 1091 2683 ut
1130 2617 1260 2699 dicitur,
1292 2640 1366 2705 quae

313 2719 431 2804 recipit
463 2718 603 2783 formam
630 2717 758 2804 generis
783 2719 1030 2804 generalissimi,
1058 2725 1098 2784 ιιι
1123 2720 1263 2785 formam
1290 2721 1367 2785 sub-

313 2821 455 2886 stantiae.
525 2819 591 2886 scd
621 2823 702 2884 tunc
744 2821 882 2885 ostendo
912 2822 999 2906 quod
1040 2843 1108 2885 non
1147 2822 1221 2907 plus
1258 2828 1369 2909 potest

315 2944 430 3009 capere
456 2922 497 2986 do
520 2920 635 3000 formo,
662 2942 724 2986 nco
753 2927 805 2988 est
831 2922 868 2986 in
892 2923 1042 3008 potentia
1062 2922 1105 2986 ad
1143 2923 1225 2988 alios
1248 2925 1369 3010 gradus

314 3026 436 3104 formae,
462 3028 496 3088 et
523 3024 573 3089 ito
598 3045 770 3110 nunquam
797 3024 1010 3110 generabitur
1032 3024 1152 3104 acinus,
1176 3047 1236 3090 nec
1260 3025 1372 3111 aliquo

316 3128 437 3214 species
468 3126 708 3213 specialissimo.
768 3125 856 3190 Nam
886 3148 937 3191 res
971 3127 1099 3214 generis
1135 3127 1373 3213 generalissimi

316 3235 367 3294 ost
409 3229 667 3315 incorruptibilis
698 3234 733 3294 et
763 3229 1004 3317 ingenerabilis,
1037 3229 1117 3317 quio
1157 3235 1277 3296 notura
1306 3253 1375 3296 non

317 3335 428 3418 potest
458 3330 551 3395 illam
583 3352 788 3418 corrumpere
815 3353 876 3397 nec
914 3354 1079 3419 generare,
1111 3333 1189 3420 quin
1218 3333 1375 3421 praeoetlit

317 3438 473 3498 naturam
513 3433 696 3519 angelicam
728 3439 762 3499 et
789 3435 967 3516 ooelestem,
992 3458 1066 3522 quae
1092 3440 1170 3501 sunt
1204 3436 1372 3522 incorrup-

316 3536 427 3602 tibiles
457 3540 491 3601 et
521 3535 770 3622 ingenerabiles.
833 3536 899 3602 Sed
932 3559 1028 3604 causa
1058 3539 1314 3626 incorruptionis
1336 3537 1372 3602 in

318 3639 434 3725 angelo
462 3643 496 3703 et
523 3636 630 3717 coelo,⁴
659 3643 699 3703 ut
726 3660 838 3704 omnes
863 3640 1055 3721 concedunt,
1086 3646 1136 3706 est
1163 3641 1241 3726 quia
1266 3642 1373 3705 formo

317 3742 461 3828 complet
501 3744 610 3806 totam
651 3743 838 3828 potentiam
876 3743 1025 3809 materiae
1056 3744 1093 3807 in
1123 3744 1178 3824 eis,
1210 3750 1244 3808 οι
1274 3766 1370 3831 oppe-

320 3844 424 3908 titum
455 3842 527 3929 ejus
567 3843 659 3910 finit:
702 3845 781 3930 quio
818 3845 968 3932 potentia
1000 3846 1043 3909 ad
1073 3845 1211 3910 formam
1248 3868 1370 3912 novam

318 3949 353 4012 οι
394 3945 565 4032 appetitus
605 3949 655 4011 est
697 3968 795 4011 causo
837 3947 1055 4034 corruptionis
1084 3949 1120 4012 in
1160 3949 1257 4014 robus
1303 3972 1370 4015 cor·

317 4047 541 4134 ruptibilibus,
572 4052 613 4112 ut
639 4070 752 4114 omnes
787 4048 897 4114 sciunt
931 4054 965 4115 et
992 4049 1115 4116 dicunt.
1176 4050 1265 4138 Ergo
1295 4075 1370 4119 cum

319 4256 370 4319 est
399 4253 488 4340 quod
516 4274 576 4317 sun
606 4252 713 4319 formo
743 4254 884 4342 complet
911 4260 1017 4324 totam
1043 4258 1228 4345 potentiam
1251 4264 1287 4325 ot
1313 4282 1370 4349 op·

355 4640 411 4706 ιιι]
429 4655 489 4691 nom
501 4640 530 4702 ιι,
542 4640 571 4690 Β.
581 4642 612 4690 L.
625 4641 658 4692 U.
903 4642 1021 4712 ’aliqua]
1040 4647 1097 4710 alia,
1113 4647 1144 4699 Τ.

356 4719 725 4786 ¹m1mcnonnnu.
906 4722 1171 4791 ‘comininum
