3586 5640
443 773 510 836 418
791 829 794 836 .
825 782 954 835 soonrn
977 780 1124 833 uaconrs
1413 765 1502 856 [car.

444 962 589 1051 epistola,
617 961 752 1029 dicens:
791 959 893 1041 “Qui
919 981 1123 1046 quaecunque
1164 960 1322 1048 ignorant
1350 959 1504 1048 blasphe-

446 1077 463 1102 “
487 1070 604 1146 mant;
641 1085 843 1150 quaecunque
877 1068 990 1129 autem
1022 1068 1183 1150 tunquam
1213 1063 1313 1130 bruta
1345 1063 1503 1130 animalia

449 1172 612 1233 “norunt
638 1167 674 1232 in
704 1167 756 1231 his
795 1169 1057 1252 corrumpuntur.
1113 1165 1162 1231 Hi
1192 1171 1273 1232 suut
1300 1167 1405 1233 nubes
1430 1166 1503 1233 sine

450 1279 468 1308 “
492 1292 586 1357 aqua,
611 1291 685 1356 quae
707 1292 728 1335 a
754 1268 865 1336 ventis
893 1268 1175 1347 circumferuntur,
1215 1269 1347 1336 arbores
1370 1274 1503 1335 autum-

446 1381 465 1411 “
486 1374 577 1439 nudes
601 1373 821 1450 infructuosae,
846 1370 898 1436 bis
920 1375 1070 1449 mortuae,
1095 1372 1279 1451 eradicata,
1305 1371 1426 1438 fluctus
1440 1372 1511 1445 feri*

446 1485 464 1512 “
488 1477 586 1541 maris
621 1477 852 1561 despumantes
883 1495 959 1539 suas
988 1473 1199 1553 confiniones,
1226 1474 1335 1540 sidera
1359 1474 1504 1540 errantia

446 1586 466 1615 “
488 1579 609 1664 quibus
638 1576 780 1664 procella
806 1575 1019 1642 tenebrarum
1038 1583 1242 1660 conservata
1265 1583 1317 1644 est
1339 1578 1377 1644 in
1406 1582 1504 1644 aeter·

448 1688 465 1717 “
487 1678 597 1746 num’'
648 1680 682 1744 N
684 1701 719 1745 eo
741 1679 863 1744 mirum
886 1683 960 1745 cum
990 1681 1107 1745 erroris
1130 1680 1277 1747 tenebris
1298 1681 1446 1767 gaudent
1467 1681 1504 1746 in

447 1784 509 1849 hac
541 1784 621 1860 vita
661 1787 695 1848 et
739 1781 813 1847 ideo
854 1781 898 1847 ad
927 1782 1035 1848 locum
1065 1784 1276 1849 tenebrarum
1309 1783 1429 1851 merito
1467 1782 1505 1849 in

448 1886 522 1951 vita
543 1884 648 1951 altere
669 1885 949 1951 transmittentur.
996 1885 1046 1950 Hi
1068 1891 1146 1951 sunt
1183 1886 1351 1951 maledicti
1374 1908 1394 1950 a
1421 1885 1504 1967 Deo,

451 2009 590 2074 quorum
627 2009 782 2053 numerus
820 1987 937 2074 plenus
971 1994 1029 2067 est,
1055 1993 1089 2055 et
1112 1989 1185 2055 ideo
1218 1988 1271 2055 bis
1301 1987 1506 2074 temporibus

452 2097 569 2180 regnat
592 2092 789 2180 ignorantiae
812 2090 994 2178 plenitudo.
1184 2099 1188 2107 '

888 2517 968 2586 Osr.
993 2518 1054 2585 IV.

532 2711 582 2779 Io
604 2731 670 2799 quo
692 2709 955 2798 iaceat-pactos
977 2709 1048 2779 duo
1071 2708 1148 2777 atio
1170 2708 1431 2798 impedimenta.

372 2921 393 2961 ‘·
497 2912 569 2980 SED
602 2912 757 2999 quoniam
787 2912 859 2998 jam
893 2911 937 2977 ad
966 2913 1080 2977 nostra
1116 2914 1267 2997 tempora
1303 2910 1506 2990 devenimus,

282 3007 362 3107 {huin
451 3017 525 3083 ideo
559 3016 692 3103 quidem
726 3015 762 3080 in
788 3014 1049 3101 praecedentibus
1080 3013 1248 3101 supponite
1279 3013 1363 3078 circa
1394 3035 1507 3080 causas

296 3140 349 3173 rom
453 3120 570 3186 erroris
593 3125 628 3184 et
650 3118 878 3205 impedimenti
901 3117 1171 3203 sapientiaque
1186 3115 1414 3203 multiplicatae
1429 3122 1508 3183 sunt

284 3207 300 3239 ³
313 3206 346 3305 ξε
354 3255 386 3267 ··
454 3244 474 3286 a
507 3221 729 3308 quadraginta
766 3221 869 3296 annis,
915 3220 1060 3285 maxime
1097 3219 1172 3284 volo
1207 3219 1422 3296 introducere,
1468 3226 1507 3286 ut

312 3339 333 3372 w
453 3323 664 3388 manifestum
697 3324 750 3400 sit,
775 3323 863 3409 quod
894 3327 1009 3388 tantus
1041 3343 1130 3386 error
1161 3327 1279 3408 regnat
1310 3322 1345 3386 in
1376 3321 1509 3387 ecclesia

454 3426 526 3503 Dei,
558 3426 647 3512 quod
680 3425 734 3490 vel
767 3430 897 3511 oportet
928 3424 1017 3510 quod
1050 3424 1271 3489 Antichristus
1305 3424 1426 3501 veniat,
1454 3423 1508 3488 vel

453 3529 519 3594 alia
541 3528 688 3594 turbatio
711 3527 830 3615 gravis,
855 3527 909 3592 vel
932 3527 1051 3612 aliquis
1074 3547 1221 3591 summus
1244 3525 1395 3612 pontifex
1417 3547 1509 3592 sano-

453 3633 599 3698 tissimus
622 3633 748 3697 virtute
771 3631 834 3695 Dei
858 3631 1060 3696 exterminet
1085 3629 1145 3694 has
1160 3651 1274 3694 causas
1297 3651 1451 3708 errorum,
1474 3635 1509 3696 et

454 3736 610 3801 restituat
642 3734 754 3799 debito
792 3733 896 3798 stetui
931 3735 1093 3798 universa.
1140 3732 1226 3799 Duae
1263 3733 1367 3820 igitur
1404 3754 1509 3798 causae

455 3844 534 3903 sunt
565 3836 716 3925 perfectae
751 3837 890 3901 istorum
920 3858 941 3900 a
973 3835 1196 3922 quadraginta
1227 3836 1333 3916 annis,
1360 3857 1428 3900 una
1459 3841 1509 3901 est

456 3941 576 4006 abusus
609 3940 695 4026 juris
725 3938 831 4004 civilis
866 3939 985 4018 Italiae,
1024 3939 1081 4025 qui
1118 3960 1186 4004 non
1224 3939 1330 4004 solum
1368 3939 1509 4004 destruit

457 4043 607 4109 studium
637 4042 816 4129 sapientise,
840 4043 899 4107 sed
930 4042 1097 4108 ecclesiam
1121 4041 1186 4107 Dei
1208 4048 1243 4108 et
1269 4041 1379 4107 omnia
1400 4063 1510 4129 regna

458 4147 504 4210 Et
527 4147 600 4211 ideo
622 4167 681 4232 per
713 4146 799 4210 hunc
822 4145 961 4210 abusum
984 4145 1202 4211 destruuntur
1231 4166 1343 4210 omnes
1364 4145 1510 4230 quinque

458 4249 580 4333 gradus
612 4248 782 4333 sapientiae
815 4247 989 4334 praedictae,
1015 4253 1051 4313 et
1082 4253 1173 4313 totus
1204 4247 1347 4312 mundus
1376 4247 1512 4333 ponitur

458 4350 495 4413 in
528 4349 680 4436 maligno.
740 4350 828 4429 Quia
859 4357 970 4415 autem
1002 4350 1147 4436 perversi
1174 4349 1304 4434 juristae
1335 4349 1512 4416 destruunt

459 4451 607 4516 studium
623 4451 792 4537 sapientiae
808 4452 1018 4517 manifestum
1034 4458 1103 4532 est3
1120 4453 1197 4536 quia
1214 4452 1286 4536 jam
1302 4473 1359 4536 per
1381 4452 1512 4517 fraudes

459 4559 494 4617 et
526 4552 616 4616 dolos
650 4554 697 4616 sic
720 4559 961 4638 occupaverunt
990 4554 1144 4640 praelatos
1171 4559 1205 4617 et
1227 4553 1396 4639 principes,
1424 4555 1512 4638 quod

459 4655 525 4721 fere
558 4656 668 4720 onmia
701 4675 837 4721 munera
871 4662 905 4723 et
938 4656 1097 4724 beneficia
1134 4656 1391 4745 1·ecipiunt;ita
1421 4657 1511 4745 quod
