3586 5640
319 800 381 850 vn.
642 799 873 850 coursuomu
895 799 1020 850 sruurr.
1311 787 1376 850 455

316 977 516 1044 ablationem
539 977 680 1044 duarum
709 976 910 1061 syllabarum
939 976 976 1039 in
1005 976 1072 1040 fine
1102 976 1156 1055 sic,
1181 975 1502 1063 tipasam-Iram-

316 1101 416 1166 ψη·
444 1085 483 1146 ut
509 1080 556 1145 sio
584 1079 707 1144 habeut
729 1079 872 1142 mediam
898 1078 1102 1163 productam,
1134 1077 1219 1142 hanc
1252 1065 1454 1146 scilicet²¹⁰¹¹‘

315 1183 477 1268 syllabam
501 1204 548 1249 su.
595 1181 662 1247 Sed
686 1181 739 1245 bic
761 1201 852 1245 error
866 1180 1046 1245 vilissimus
1069 1184 1104 1244 et
1126 1186 1240 1245 contra
1262 1202 1374 1248 omnes

315 1290 471 1350 auctores.
518 1284 563 1350 Et
577 1284 684 1371 primo
699 1282 916 1369 impugnatur
936 1303 995 1369 per
1018 1281 1176 1359 Macrum,
1192 1287 1232 1347 ut
1245 1287 1373 1348 tautum

314 1391 365 1451 est
395 1388 553 1473 superius
600 1385 751 1451 Secundo
783 1385 999 1471 impugnatur
1033 1405 1091 1470 per
1113 1384 1260 1471 regulam
1284 1385 1372 1451 Pris-

313 1487 400 1552 ciani
434 1489 470 1552 in
501 1492 619 1576 quarto
653 1485 761 1564 librc,¹
786 1487 876 1571 quod
903 1507 927 1552 a
958 1492 1037 1552 ante
1059 1507 1081 1551 c
1110 1486 1147 1550 in
1177 1488 1370 1553 derivativis

312 1591 512 1676 producitur,
548 1594 588 1655 ut
621 1588 797 1677 popularis,
829 1588 1013 1675 singularis,
1037 1587 1217 1666 familiaris,
1242 1612 1368 1669 avarus,

310 1692 521 1771 contrarium,
546 1693 735 1772 armarium,
770 1695 804 1755 et
835 1689 1034 1775 hujusmodi.
1084 1690 1193 1778 Igitur
1224 1694 1371 1778 ptisana·

310 1795 397 1859 rium
419 1794 557 1861 habebit
589 1816 613 1859 a
644 1794 780 1880 longum
813 1796 891 1857 ante
922 1815 951 1858 r.
999 1792 1128 1857 Deinde
1159 1793 1277 1859 fortius
1308 1795 1369 1860 hoc

310 1897 471 1983 probatur
505 1919 564 1985 per
596 1897 654 1982 jus
692 1894 858 1981 poeticum
896 1894 1075 1959 scandendi
1108 1916 1245 1977 versus3
1291 1898 1369 1982 quia

312 1999 423 2065 nullus
455 2005 630 2086 poetarum
673 2018 821 2082 unquam
859 1996 934 2061 vult
977 1995 1128 2061 subtrahi
1165 1997 1229 2061 nisi
1267 2021 1368 2064 unam

312 2101 475 2186 syllabam
520 2106 662 2176 tantum,
702 2099 791 2184 quod
828 2096 906 2162 licet
951 2098 1105 2163 inducere
1152 2119 1210 2185 per
1255 2121 1368 2166 omnes

312 2206 435 2288 poetas,
458 2207 529 2266 tam
559 2201 708 2266 infideles
739 2221 838 2286 quam
863 2199 1070 2264 Christianos
1082 2225 1091 2280 ;
1122 2201 1216 2265 verbi
1248 2203 1365 2289 gratia,

313 2303 476 2368 Horatius
499 2301 583 2388 [Sat
599 2302 619 2368 i.
636 2302 668 2382 7,
686 2302 774 2388 14.]:

313 2461 330 2491 ‘⁴
337 2455 418 2520 Non
432 2454 531 2520 aliam
547 2453 589 2519 oh
605 2474 745 2532 causam,
761 2450 826 2517 nisi
841 2453 930 2538 quod
944 2453 1053 2517 virtus
1067 2453 1103 2517 in
1118 2457 1258 2539 utroque
1280 2454 1365 2536 est;'’

311 2636 364 2700 hic
379 2635 486 2700 solum
510 2633 580 2700 haeo
602 2632 729 2718 syllaba
750 2652 811 2698 aaa
832 2631 869 2697 in
884 2631 946 2698 hac
967 2631 1112 2698 dictione
1135 2632 1247 2700 alium
1262 2634 1365 2699 demi·

311 2743 375 2804 tur.
438 2737 476 2804 si
499 2738 588 2803 enim
619 2736 695 2802 dus
722 2736 905 2812 demantur,
937 2734 1059 2800 scilieet
1080 2732 1097 2801 a'
1120 2739 1154 2800 et
1175 2756 1243 2814 aaa,
1266 2741 1306 2800 ut
1328 2736 1366 2803 ol

309 2846 478 2906 remaneat
499 2839 636 2906 dicendo
659 2838 713 2914 sic,
730 2836 812 2903 Noa
834 2837 871 2903 ul
886 2835 924 2902 ob
939 2857 1091 2914 coucam,
1108 2841 1143 2902 et
1158 2843 1283 2916 caetera,
1300 2841 1364 2904 erit

308 2965 423 3009 versus
444 2943 554 3022 falsus,
578 2962 653 3006 cum
690 2938 727 3004 ul
760 2939 807 3004 sit
841 2939 951 3003 brevis
982 2944 1017 3002 et
1048 2938 1197 3022 sequitur
1220 2939 1364 3020 vocalis3

308 3047 365 3111 sed
380 3046 427 3110 sic
441 3042 627 3110 scandendo
643 3042 842 3128 producitur.
874 3039 1036 3105 Similiter
1050 3039 1140 3125 apud
1162 3039 1331 3106 Lucanum
1339 3043 1363 3108 :⁹

377 3229 394 3257 “
407 3221 550 3298 Italiam,
574 3223 723 3285 extremo
746 3215 858 3283 sedeat
881 3218 969 3303 quod
992 3218 1103 3283 littore
1126 3218 1294 3306 magnus.'’

307 3399 344 3464 Si
377 3398 465 3462 enim
491 3396 566 3464 duee
589 3395 725 3481 syllabae
748 3397 923 3461 demantur
944 3397 981 3461 in
1003 3397 1187 3463 scandendo
1209 3400 1264 3480 sic,
1288 3401 1361 3468 Ital

306 3507 459 3578 alleca,
493 3505 528 3564 et
558 3503 685 3580 eaetera,
717 3498 780 3563 erit
810 3519 924 3563 versus
953 3499 1061 3576 falsus,
1086 3501 1165 3585 quia
1186 3501 1223 3567 ot
1251 3504 1361 3568 brevis

305 3609 363 3668 est.
403 3600 503 3668 Unde
525 3601 695 3688 Virgilius,
721 3600 879 3666 “Italiam
902 3600 1000 3681 fato,''
1021 3606 1056 3665 et
1074 3608 1212 3683 caetera;
1235 3605 1360 3671 sedhic

305 3711 386 3770 tunc
421 3708 611 3789 sequeretur
644 3703 776 3780 vocalis,
801 3704 890 3788 quod
923 3725 992 3768 esse
1022 3724 1089 3767 non
1119 3709 1228 3790 potest
1258 3707 1358 3771 etiam

304 3806 392 3893 apud
414 3805 593 3891 Virgilium
620 3804 710 3890 [AEm
727 3805 748 3870 i.
767 3805 833 3890 3.]:

437 3971 612 4037 “Multum
634 3971 689 4036 ille
712 3977 746 4037 et
768 3972 866 4037 terris
884 3972 1031 4058 jactatus
1053 3979 1087 4037 et
1111 3973 1180 4038 alto
1194 3973 1223 4055 ;''

305 4137 371 4218 Qui
394 4137 506 4202 scandi
528 4136 627 4202 debet
649 4136 703 4213 sic,
727 4135 903 4202 “Multum
925 4135 1009 4217 ille‚'’
1028 4140 1063 4202 et
1083 4141 1208 4214 catera,
1230 4142 1270 4203 ut
1291 4161 1357 4205 una

303 4246 436 4305 tantum
467 4240 620 4305 dematur
650 4238 785 4324 syllaba
832 4239 878 4303 Et
907 4240 953 4303 sic
991 4240 1031 4304 de
1065 4241 1217 4306 omnibus
1250 4245 1357 4327 poetis

304 4347 381 4408 ante
401 4343 569 4408 Christum
592 4364 761 4429 nunquam
783 4343 971 4407 invenietur
992 4343 1158 4408 instantia
1197 4343 1356 4411 Similiter

336 4668 733 4736 ¹1ua1seep.110‚0urs⁴s.
826 4670 832 4740 ι
879 4669 1210 4737 umbriaco.
