3294 5744
376 756 444 824 304
754 769 884 820 rosum
907 768 1053 819 ascerus
1332 754 1429 843 [css.

375 949 535 1030 altiorem,
570 944 607 1015 ei
632 947 842 1026 necessarius,
877 952 1038 1033 tanquam
1074 967 1188 1012 servus
1219 946 1434 1013 dominatori,

376 1053 484 1132 Unde,
500 1053 587 1117 sicut
609 1051 814 1137 philosophia
837 1050 871 1114 in
894 1050 967 1115 aliis
990 1054 1042 1115 est
1064 1050 1245 1115 necessaria
1272 1051 1427 1128 ecelesiae,

375 1155 422 1221 sic
443 1155 587 1219 maxims
609 1154 646 1218 in
668 1153 729 1217 hnc
751 1159 864 1239 parte3
891 1152 1048 1238 quoniam
1070 1153 1259 1239 principalis
1281 1153 1428 1218 intentio

376 1259 517 1324 ecclesiae
539 1264 574 1323 et
596 1257 735 1322 ultimus
756 1256 832 1321 finis
855 1262 905 1322 est
927 1279 1009 1343 opus
1035 1258 1290 1344 praedicationis,
1311 1264 1351 1323 ut
1374 1259 1425 1322 in-

375 1360 488 1427 fideles
520 1361 563 1426 ad
600 1360 699 1425 fidem
737 1364 981 1438 convertantur,
1016 1366 1051 1426 et
1083 1361 1196 1426 fideles
1226 1361 1262 1425 in
1294 1361 1358 1426 fide
1389 1367 1427 1427 et

211 1481 345 1546 Insipiuity
376 1464 523 1529 moribus
559 1468 799 1531 conserventur.
856 1462 923 1528 Sed
960 1463 1039 1548 quia
1076 1467 1253 1549 utrumque
1290 1465 1426 1532 modum

210 1549 359 1666 ffiffi
376 1567 496 1653 vulgus
518 1567 658 1652 ignorat,
680 1566 755 1631 ideo
787 1566 951 1631 convertit
976 1587 1010 1631 se
1041 1566 1085 1631 ad
1113 1588 1275 1631 summam
1306 1572 1342 1632 et
1374 1567 1426 1631 in-

211 1682 355 1733 inBacon'r
377 1670 507 1734 finitam
545 1668 776 1745 curiositatem,
815 1669 937 1733 scilicet
974 1690 1032 1754 per
1069 1668 1246 1734 divisiones
1278 1668 1428 1755 Porphy-

211 1750 280 1815 days.
377 1773 495 1849 rianas,
519 1776 553 1837 et
575 1793 634 1857 per
655 1769 886 1837 consonantias
913 1770 1043 1857 ineptas
1071 1771 1248 1836 verborum
1280 1776 1314 1838 et
1336 1772 1427 1837 clau·

376 1876 532 1955 aularum,
549 1880 584 1939 ct
601 1896 659 1961 per
681 1873 928 1938 concordantias
943 1873 1079 1950 vocales,
1097 1874 1133 1937 in
1148 1875 1268 1960 quibus
1283 1880 1334 1940 est
1356 1876 1427 1940 sola

376 1979 509 2044 vanitas
524 1978 670 2056 verbosa,
687 1975 776 2041 omni
799 1998 910 2042 carens
933 1981 1052 2041 ornatu
1072 1977 1234 2042 rhetorico
1250 1983 1284 2042 et
1298 1979 1427 2043 virtute

377 2082 601 2168 persuadendi.
657 2080 830 2159 Quoddam
853 2079 942 2144 enim
965 2079 1162 2166 phantasma
1184 2084 1234 2145 est
1255 2081 1428 2167 pueriliter

376 2185 524 2261 effusum,
563 2189 598 2249 et
635 2205 656 2247 a
689 2183 799 2269 pueris
840 2183 1066 2260 adinventum,
1099 2183 1212 2249 vocius
1258 2184 1300 2249 ab
1333 2185 1426 2250 omni

374 2288 539 2373 sapientia
573 2290 608 2351 et
640 2285 815 2369 eloquendi
849 2290 1022 2370 potestate,
1055 2291 1095 2351 ut
1126 2285 1299 2353 manifeste
1332 2294 1428 2373 patet

375 2389 511 2456 cuilibet
534 2387 688 2465 intuenti,
705 2387 790 2452 sicut
806 2387 840 2451 in
857 2386 1007 2452 Secundo
1024 2388 1130 2474 Opere
1153 2394 1188 2454 et
1208 2387 1288 2454 hoc¹
1313 2389 1428 2456 Tertio

376 2490 482 2576 Opere
514 2490 550 2553 in
575 2489 720 2553 Peccatis
743 2488 929 2574 Theologiae
951 2490 1123 2557 declaravi.
1171 2492 1216 2557 Et
1240 2497 1351 2558 tamen
1375 2499 1427 2559 est

375 2592 423 2657 ibi
445 2592 592 2657 maxima
614 2589 770 2676 temporis
793 2592 1007 2678 consumptio.
1054 2593 1143 2658 Nam
1165 2600 1299 2681 propter
1321 2597 1428 2661 curio-

375 2695 485 2761 sitatis
516 2693 780 2780 superfluitatem
815 2693 888 2780 plus
919 2695 955 2759 in
982 2695 1118 2782 decuplo
1148 2697 1301 2763 laborant
1341 2701 1427 2767 circu

375 2798 564 2884 hujusmodi
609 2795 710 2863 telam
745 2819 875 2864 araneas
913 2799 1172 2878 construendam,
1204 2823 1303 2888 quam
1341 2803 1429 2868 circa

374 2900 575 2968 sententiam
613 2901 777 2966 sermonis
840 2900 1003 2981 Quoniam
1042 2907 1154 2968 antem
1191 2903 1269 2970 libri
1297 2905 1426 2992 logico

376 3004 569 3072 Aristotelis
605 3003 646 3069 de
676 3003 728 3069 his
766 3003 880 3083 modis,
907 3009 942 3069 et
980 3007 1209 3072 commentarii
1235 3008 1427 3088 Avioennae,

376 3108 535 3173 deficiunt
556 3107 645 3193 apud
668 3105 815 3186 Latinos,
839 3112 873 3172 et
895 3128 1000 3193 pauca
1033 3129 1106 3193 quse
1140 3108 1302 3175 translata
1335 3118 1424 3192 sunt,

378 3210 414 3274 in
438 3231 500 3274 usu
522 3230 589 3274 non
613 3208 778 3274 habentur
800 3231 861 3274 nec
881 3208 1047 3294 leguntur,
1072 3209 1146 3276 ideo
1168 3232 1236 3276 non
1258 3216 1309 3277 est
1331 3212 1427 3279 facile

376 3313 559 3397 exprimere
582 3310 663 3396 quid
697 3315 849 3396 oporteat
882 3310 918 3374 in
941 3311 1003 3376 hac
1037 3318 1140 3398 parte.
1188 3313 1285 3394 Quod
1310 3321 1422 3381 autem

375 3413 569 3479 Aristoteles
600 3412 679 3477 fecit
713 3412 793 3477 duos
831 3412 932 3478 libros
968 3414 1097 3501 Logicae
1136 3415 1177 3481 de
1210 3416 1270 3482 hoc
1303 3440 1423 3504 genere

374 3515 592 3602 persuasionis
613 3514 650 3578 in
672 3518 761 3580 secta
784 3519 818 3579 et
840 3515 995 3593 moribus,
1019 3516 1228 3583 manifestavi
1255 3521 1292 3584 in
1322 3521 1425 3586 tertia

375 3624 468 3706 parte
492 3617 607 3706 Operis
631 3616 777 3702 Majoris‚
801 3622 836 3682 et
859 3618 894 3682 in
917 3618 1076 3704 septima;
1103 3622 1260 3705 quoniam
1282 3646 1349 3688 non
1372 3630 1424 3690 est

373 3723 510 3788 dubium
542 3722 622 3808 quin
656 3720 757 3785 libros
787 3719 901 3786 fecerit
923 3721 1065 3807 optimos
1077 3747 1085 3804 ;
1115 3723 1192 3789 licet
1215 3724 1331 3790 Latini
1363 3727 1424 3794 hos

372 3826 551 3912 ignorent3
574 3825 659 3889 sicut
682 3823 921 3909 ignoraverunt
943 3823 1044 3910 libros
1066 3846 1161 3892 novae
1181 3826 1319 3913 Logicae,
1343 3830 1423 3896 dum

374 3928 480 3994 solum
515 3932 661 3993 veterem
695 3925 850 4012 Logicam
895 3926 1089 3992 habuerunt
1151 3929 1193 3994 In
1231 3930 1296 3995 illis
1334 3934 1422 3998 enim

374 4030 511 4096 docetur
533 4029 696 4116 quomodo
719 4029 803 4094 fiant
825 4050 988 4095 sermones
1010 4029 1175 4109 sublimes,
1199 4037 1269 4098 tam
1292 4034 1330 4099 in
1344 4058 1423 4102 voce

372 4155 473 4219 quam
489 4133 662 4210 sententia,
679 4131 858 4197 secundum
882 4154 993 4198 omnes
1016 4138 1153 4199 ornatus
1167 4137 1334 4217 sermonis,
1351 4144 1420 4204 tam

372 4235 507 4299 metrice
542 4239 577 4298 et
599 4233 784 4318 rhythmice
815 4233 938 4318 qusm²
972 4245 1126 4322 prosaice,
1150 4244 1190 4304 ut
1219 4240 1350 4306 animus
1380 4243 1423 4308 ad

371 4335 517 4421 id,quod
540 4335 689 4401 intendit
712 4356 896 4422 persuasor,
912 4338 1064 4425 rapiatur
1079 4340 1150 4406 sine
1165 4344 1369 4429 praevisione,
1386 4351 1422 4411 et

1104 4531 1311 4539 ..m-.-
1335 4534 1400 4540 -.-..-
1406 4535 1410 4539 .

406 4670 595 4739 ¹toc]om.T.
886 4673 893 4742 Ι
951 4675 1152 4743 'qacm]et‚'l'.
