3586 5640
448 840 514 904 440
827 852 954 903 aocmr
976 849 1123 903 mooms
1410 839 1503 924 [cre.

448 1027 539 1092 tibus
561 1025 732 1113 subjacent
768 1027 916 1093 infinitis.
980 1028 1089 1093 Facile
1127 1027 1259 1113 quidem
1290 1032 1349 1109 est,
1374 1035 1413 1094 ut
1443 1029 1502 1107 ait,

449 1130 570 1194 diverti
597 1151 617 1193 a
647 1131 749 1221 signo,
782 1136 817 1195 et
848 1129 978 1196 difficile
1012 1136 1063 1195 est
1095 1131 1244 1196 invenire
1278 1132 1417 1218 signum,
1463 1137 1504 1196 ut

449 1236 543 1319 patet
580 1253 654 1296 cum
686 1231 872 1316 joculantes
906 1237 966 1297 aut
999 1233 1196 1318 sagittantes
1233 1253 1293 1296 sua
1329 1233 1404 1310 tela,
1448 1232 1502 1297 vel

449 1334 596 1421 sagittas,
635 1333 679 1398 ad
716 1333 847 1420 signum
886 1335 1035 1420 dirigunt
1073 1333 1286 1399 destinatum.
1364 1327 1504 1420 Propter

450 1436 538 1520 quod
585 1434 716 1514 Seneca,
755 1440 873 1521 quarto
911 1434 1147 1516 Naturalium,1
1187 1436 1270 1502 dicit
1314 1436 1501 1523 eleganter:

450 1544 469 1574 “
494 1538 616 1604 Veniet
637 1542 768 1625 tempus
792 1560 896 1624 quum
919 1538 984 1603 ista
1005 1559 1079 1624 quae
1101 1560 1190 1604 nunc
1212 1539 1319 1605 latent
1341 1540 1377 1604 in
1398 1539 1504 1604 lucem

451 1645 470 1677 “
493 1640 563 1705 dies
586 1640 743 1705 extrahat
777 1643 813 1705 et
842 1640 1001 1728 longioris
1032 1641 1097 1706 aevi
1131 1639 1331 1728 diligentia”
1375 1641 1431 1706 Ad
1452 1642 1503 1705 in-

449 1741 660 1827 quisiticnem
682 1741 770 1806 enim
792 1745 962 1808 tantarum
993 1764 1103 1807 rerum
1129 1763 1198 1807 una
1223 1747 1304 1808 retas
1325 1763 1393 1807 non
1415 1742 1503 1807 suffi-

450 1844 503 1909 cit
549 1843 659 1909 Multa
680 1844 845 1910 venientis
867 1845 933 1911 aevi
964 1844 1105 1931 populus
1130 1844 1245 1931 ignota
1275 1845 1372 1910 nobis
1402 1845 1504 1926 sciet;

450 1950 486 2012 et
507 1946 620 2012 reniet
642 1950 772 2034 tempus
795 1968 860 2033 quo
894 1947 1019 2034 posteri
1052 1947 1160 2013 nostri
1192 1951 1263 2012 tam
1297 1952 1413 2034 aperta
1444 1970 1505 2014 nos

424 2049 624 2142 ¹nescivisse
655 2050 824 2115 mirentur.
871 2049 956 2116 Cum
982 2049 1087 2136 igitur
1119 2049 1237 2115 beatus
1260 2049 1444 2137 Gregorius,
1468 2050 1505 2114 in

449 2152 517 2218 fine
554 2151 646 2232 lob,2
683 2152 820 2238 loquens
857 2151 898 2217 de
936 2152 1037 2218 tertia
1080 2152 1149 2217 filia
1197 2151 1276 2238 ejus,
1314 2153 1505 2239 exposuerit

452 2262 469 2290 “
486 2255 613 2321 (lomus
645 2252 751 2336 tibii‚''
781 2254 858 2320 licet
895 2253 1048 2320 videatur
1084 2253 1116 2319 ei
1152 2253 1242 2339 quod
1275 2274 1400 2320 coruus
1436 2275 1506 2320 non

449 2357 565 2422 fuisset
588 2355 745 2422 Latinum
768 2378 828 2422 nec
850 2355 979 2423 tibiura
1000 2355 1161 2436 similiter,
1184 2356 1242 2422 scd
1264 2356 1310 2421 sic
1330 2356 1505 2422 inveniens

449 2459 487 2523 in
509 2457 686 2545 exemplari
708 2479 775 2537 suo,
810 2479 878 2523 non
915 2480 1012 2524 ausus
1048 2458 1113 2523 fuit
1150 2458 1334 2541 immutare,
1370 2466 1506 2546 propter

450 2560 576 2625 Textus
606 2559 699 2625 Sacri
735 2559 954 2625 reverentiam
992 2566 1027 2627 et
1064 2565 1197 2647 propter
1234 2561 1304 2646 ejus
1341 2583 1504 2627 summam

450 2661 699 2742 humilitatem
721 2683 795 2727 cum
818 2661 868 2726 illi
890 2664 949 2749 qui
970 2662 1068 2728 modo
1091 2663 1211 2729 soliciti
1232 2669 1312 2730 sunt
1342 2664 1383 2730 de
1416 2665 1504 2730 veri·
1547 2669 1555 2679 '

450 2769 520 2831 tate
542 2768 655 2831 textus
677 2763 750 2843 Dei,
784 2769 819 2829 et
850 2765 908 2850 qui
941 2764 1050 2830 sciunt
1072 2764 1223 2830 Graecum
1257 2771 1291 2832 et
1313 2765 1503 2847 Hebraeum,

450 2871 588 2955 possunt
624 2866 740 2932 docere
777 2864 849 2931 sine
887 2865 1153 2946 contradictione,
1201 2867 1291 2954 quod
1338 2869 1505 2956 exemplar

450 2970 540 3036 beati
564 2968 713 3056 Gregorii
727 2966 800 3034 ‘fuit
831 2974 1029 3056 corruptum,
1064 2975 1124 3034 aut
1146 2970 1265 3036 vitiose
1296 2992 1386 3037 more
1417 2973 1503 3037 anti-

451 3093 517 3158 quo
551 3072 732 3158 scriptum;
769 3076 809 3137 ut
842 3071 950 3158 prima
985 3071 1082 3137 litera
1122 3071 1220 3159 hujus
1253 3073 1406 3139 dictionis
1442 3073 1503 3141 eti-

453 3172 559 3251 bium
594 3174 716 3240 scilicet
748 3173 892 3253 alitera,
917 3173 1134 3261 conjungatur
1164 3197 1237 3240 cum
1260 3176 1379 3241 ultima
1405 3175 1503 3263 hujus

453 3276 606 3341 dictionis
629 3297 761 3356 eornm
788 3280 828 3341 ut
855 3277 986 3342 dicatur
1019 3298 1144 3343 coruus
1171 3276 1260 3358 citit,
1293 3300 1368 3344 cum
1391 3285 1504 3345 tamen

453 3378 586 3444 deberet
609 3378 674 3444 dici
697 3399 806 3444 cornu
830 3378 934 3445 sibit
981 3377 1090 3445 Multa
1112 3379 1199 3444 enim
1222 3380 1275 3445 hic
1297 3388 1376 3447 sunt
1397 3382 1505 3448 adhue

453 3481 494 3546 de
531 3480 678 3566 antiquis
715 3481 773 3566 qui
810 3502 897 3568 saepe
930 3480 1056 3546 habent
1089 3483 1285 3569 scripturam
1316 3484 1504 3570 hujusmodi

453 3584 615 3651 vitiosam
668 3582 715 3648 Et
747 3589 880 3650 sanctus
911 3582 1009 3648 homo
1040 3583 1151 3650 forsan
1184 3585 1298 3650 multis
1329 3592 1504 3674 occupatus

453 3710 520 3754 non
542 3685 660 3752 habuit
682 3691 814 3773 tempus
840 3686 1056 3752 examinandi
1086 3687 1182 3773 plura
1215 3689 1420 3776 exemplaria,
1445 3712 1505 3756 nec

453 3791 534 3876 quid
571 3789 608 3854 in
646 3787 761 3854 Graeco
797 3788 852 3854 vel
890 3787 1055 3853 Hebraico
1088 3790 1290 3857 scriberetur.
1344 3790 1434 3856 Nam
1467 3792 1505 3856 in

454 3891 597 3959 Hebraeo
620 3895 671 3956 est
704 3911 812 3957 cornu
840 3887 946 3967 stibii,
970 3889 1005 3954 id
1029 3895 1080 3955 est
1110 3912 1210 3956 cornu
1239 3893 1372 3979 plenum
1394 3893 1505 3974 stibio,

453 3995 630 4060 secundum
653 3993 794 4081 glossam
826 3991 1048 4074 Hebraicam;
1090 3993 1175 4059 sicut
1209 4015 1268 4060 vas
1299 4016 1393 4082 aquae
1424 3997 1504 4061 dici-

452 4117 534 4175 mus,
557 4097 593 4162 id
615 4101 666 4161 est
687 4095 822 4182 plenum
845 4115 938 4181 aqua
986 4093 1073 4160 Nam
1089 4095 1177 4160 idem
1192 4098 1388 4162 vocabulum
1410 4099 1504 4184 poni-

451 4203 508 4262 tur
530 4197 583 4264 hio
609 4220 670 4285 pro
700 4198 809 4276 stibio,
841 4202 875 4262 et
897 4200 1014 4283 quarto
1049 4198 1186 4284 Regum,
1219 4221 1307 4265 nono
1338 4200 1505 4286 capitulo,³

450 4285 509 4364 ubi
531 4300 652 4365 dicitur
674 4301 762 4387 quod
788 4299 924 4367 Jezabel
957 4299 1111 4386 depinxit
1142 4301 1252 4367 oculos
1285 4325 1360 4368 suos
1395 4303 1504 4368 stibio.

451 4401 596 4466 Stibium
630 4406 681 4467 est
712 4403 860 4467 mixtura
893 4401 1045 4487 quaedam
1077 4402 1161 4482 alba,
1186 4426 1252 4489 qua
1274 4406 1425 4471 mulieres
1450 4405 1504 4471 de-

484 4648 589 4712 ¹quurlo
611 4643 784 4710 litteralium]
812 4643 868 4694 The
893 4645 951 4694 sub·
1019 4643 1103 4711 wat]
1117 4645 1279 4713 xxxv.§43.

450 4736 535 4780 etauce
547 4727 577 4778 of
584 4725 634 4777 this
641 4724 769 4790 quotation
780 4724 803 4774 is
813 4724 841 4774 in
849 4722 892 4775 vii.
902 4729 942 4775 ³1.
1020 4723 1159 4790 ὀαρίωἰο]
1173 4742 1197 4776 v.
1209 4731 1250 4778 30.
