3586 5640
304 1292 513 1369 EPISTULA
537 1291 785 1368 otrannus
810 1292 933 1368 PAPAE
955 1295 1015 1369 IV.
1039 1294 1097 1368 ΑΙ)
1120 1293 1354 1370 ROGERIUM

712 1445 948 1523 utconlu}

608 1728 936 1737 m
943 1729 1019 1736 -..-

395 1938 524 2005 Dilecto
551 1939 628 2017 filio,
657 1937 766 2004 Fratri
795 1938 935 2026 Rogerio
962 1939 1050 2005 dicto
1076 1940 1192 2019 Bnoon,
1220 1939 1356 2008 Ordinis

485 2055 642 2121 Fratrum
666 2055 842 2121 uiuorum.

305 2220 390 2286 Tura
418 2218 602 2287 devotionis
634 2220 762 2288 litteras
795 2226 967 2310 gratanter
998 2223 1196 2310 recepimus:
1232 2223 1290 2289 sod
1323 2227 1358 2289 et
1370 2242 1438 2294 ΑΒ.
1453 2247 1523 2296 rata

304 2337 406 2404 verba
443 2338 633 2403 notavimus
671 2338 847 2426 diligenter
885 2361 959 2426 quaa
1001 2339 1045 2404 ad
1089 2340 1356 2426 explanationem

305 2474 418 2517 earum
445 2452 585 2539 dilectus
617 2453 706 2518 filius
741 2454 778 2520 G.
806 2454 913 2520 dictans
945 2455 1100 2535 Boneeor,
1137 2455 1241 2534 Miles,
1274 2456 1355 2522 viva

307 2590 384 2633 voce
406 2568 501 2633 nobis
524 2567 702 2654 proposuit,
727 2573 797 2634 tam
820 2570 964 2635 fideliter
986 2592 1084 2656 quam
1107 2570 1297 2658 prudenter.
1331 2574 1335 2581 ’

350 2683 436 2749 Sane
474 2687 514 2749 ut
551 2683 668 2748 melius
701 2685 796 2750 nobis
829 2686 954 2771 liqueat
988 2687 1068 2772 quid
1102 2687 1263 2765 intendas,
1299 2709 1356 2753 vo-

305 2799 422 2876 lamus,
462 2804 496 2865 et
534 2800 597 2865 tibi
642 2822 701 2887 per
740 2800 932 2886 Apostoliea
974 2802 1095 2887 scripta
1137 2803 1356 2888 praecipiendo

306 2916 508 2994 mandamus
540 2919 710 3000 quatenus,
739 2937 807 2980 non
839 2917 992 2980 obstante
1026 2920 1188 3002 praecepto
1223 2917 1357 2982 Praelati

306 3031 526 3116 cujuscunque
563 3031 735 3109 contrario,
766 3029 822 3095 vel
859 3030 911 3096 tui
950 3029 1083 3094 Ordinis
1120 3031 1358 3096 constitutione

306 3168 508 3233 quacunque,
533 3168 613 3233 opus
635 3146 725 3223 illud,
750 3145 840 3233 quod
862 3150 896 3211 te
919 3145 1039 3211 dilecto
1060 3145 1128 3211 filio
1159 3146 1358 3234 Raymundo

306 3261 347 3327 de
376 3261 537 3326 Lauduno
566 3262 804 3327 communicare
833 3261 1022 3350 rogavimus
1050 3261 1085 3327 in
1112 3263 1231 3328 minori
1254 3263 1358 3330 officio

307 3376 488 3453 constituti,
527 3376 685 3462 scriptum
724 3379 765 3442 da
808 3378 895 3442 bona
937 3379 1049 3444 littera
1092 3379 1186 3445 nobis
1226 3381 1359 3446 mittere

307 3515 405 3579 quam
437 3492 535 3557 eitius
568 3491 691 3578 poteris
725 3514 791 3558 non
826 3494 982 3576 omittas;
1016 3500 1051 3560 et
1081 3517 1138 3582 per
1165 3500 1240 3560 tuas
1262 3495 1358 3561 nobis

307 3607 450 3673 declares
490 3609 618 3672 litteras
658 3629 732 3693 quae
780 3609 844 3673 tibi
883 3609 1039 3675 videntur
1077 3610 1267 3675 adhibenda
1310 3632 1359 3675 ro

307 3723 416 3790 media
448 3723 533 3786 oiroa
566 3722 632 3801 illa,
668 3745 742 3808 quaa
775 3745 880 3808 nuper
918 3723 1083 3790 occasione
1117 3725 1207 3789 tanti
1246 3724 1359 3788 disari-

307 3839 406 3902 minis
428 3838 616 3903 intimasti:
641 3843 675 3903 et
706 3837 767 3903 hoo
790 3843 914 3923 quanto
937 3839 1091 3904 seoretius
1114 3839 1237 3925 poteris
1258 3839 1359 3905 facias

307 3952 452 4018 indilate.

353 4106 480 4172 Datum
501 4105 653 4184 Viterbii,
678 4123 709 4170 x.
734 4105 801 4171 Cal.
824 4105 916 4184 Julii,
940 4125 1027 4171 anno
1051 4123 1089 4173 11.

449 4497 590 4556 'Mar-tene,
608 4497 751 4547 'lteaaarna
767 4497 855 4549 Novas
872 4498 1067 4562 Aneodotoram
1084 4502 1109 4554 ii.
1127 4519 1151 4568 p.
1169 4511 1225 4558 358.

399 4827 473 4877 VOL.
498 4828 519 4876 Ι.
1112 4834 1135 4882 Α
