3586 5640
618 856 696 908 mrn
719 857 762 907 or
786 859 902 909 soona
924 857 1045 909 asson.
1270 846 1359 911 xcvii

304 1055 450 1121 purpose.
498 1033 619 1099 Would
657 1056 725 1120 you
759 1034 860 1098 know
899 1035 956 1098 the
994 1054 1118 1112 resson,
1154 1035 1232 1100 hear
1269 1037 1362 1102 what

306 1137 417 1202 Bacon
433 1158 525 1222 says:
552 1135 768 1202 “Secundum
784 1136 871 1220 quod
894 1156 1023 1221 expono
1046 1136 1132 1201 circa
1146 1137 1363 1202 ecclesiastica

307 1246 326 1274 “
348 1249 382 1303 ct
397 1238 439 1304 de
454 1237 661 1324 corruptione
681 1237 867 1315 calendarii,
885 1259 959 1324 quae
974 1243 1025 1303 est
1040 1239 1257 1304 intolerabilis
1273 1241 1363 1305 omni

306 1346 325 1376 “
348 1340 498 1427 sapienti,
522 1346 557 1405 et
578 1340 744 1405 horribilis
778 1340 868 1404 omni
891 1344 1088 1418 astronomo,
1122 1346 1157 1407 et
1187 1341 1364 1407 derisibilis

308 1449 326 1478 “
348 1443 392 1506 ab
414 1441 504 1506 omni
527 1442 745 1528 computiste3
783 1441 871 1506 unde
893 1462 1005 1506 omnes
1020 1442 1175 1508 instructi
1198 1443 1234 1508 in
1260 1449 1363 1510 astro·

309 1549 325 1579 “
348 1543 467 1624 nomia,
490 1549 525 1608 et
556 1543 592 1607 in
615 1548 777 1628 computo,
801 1543 894 1607 etin
916 1544 1048 1622 talibus,
1072 1544 1237 1611 mirantur
1275 1547 1364 1632 quod

308 1655 325 1680 “
349 1651 419 1711 tam
433 1645 654 1710 abominanda
668 1645 794 1710 falsitas
810 1645 1040 1723 sustineretur,
1058 1646 1124 1711 nisi
1140 1646 1220 1732 quia
1235 1647 1283 1712 illi
1306 1648 1364 1734 qui

311 1753 330 1782 “
352 1747 476 1812 habent
497 1747 730 1812 auctoritatem
760 1768 859 1833 super
882 1747 943 1812 hac
974 1749 1173 1814 correctione
1196 1771 1263 1814 non
1285 1756 1365 1816 sunt

310 1857 329 1886 “
352 1849 524 1915 exercitati
558 1849 593 1913 in
624 1849 833 1928 astronomia,
867 1854 902 1915 et
935 1857 1096 1936 computo,
1121 1859 1155 1916 et
1189 1852 1225 1916 in
1252 1853 1364 1939 hujus-

309 1959 329 1988 “
351 1951 448 2016 modi.
494 1951 615 2016 Nullus
638 1951 726 2016 enim
748 1951 930 2038 percipiens
961 1952 1062 2016 talem
1085 1951 1363 2020 abominationem

311 2054 529 2119 “sustineret
560 2075 655 2133 eam;
678 2059 713 2118 et
735 2053 876 2139 quilibet
907 2053 1037 2139 sapiens
1072 2053 1280 2119 Christianus
1307 2058 1364 2141 qui

311 2165 329 2191 “
351 2156 422 2222 haec
453 2160 578 2221 tractat
610 2154 757 2221 ostendit
788 2155 942 2220 articulos
969 2154 1065 2220 istius
1088 2156 1308 2242 corruptionis
1331 2164 1366 2224 et

311 2267 330 2292 ¹‘
352 2259 448 2323 docet
470 2256 621 2322 remedia
668 2257 747 2321 Non
771 2263 883 2322 tamen
899 2257 1019 2343 aliquis
1043 2257 1214 2343 prsesumit
1236 2259 1365 2324 tradere

311 2358 573 2425 “calendarium
604 2363 784 2424 correctum
816 2364 949 2445 propter
980 2358 1049 2439 hoc,
1073 2359 1160 2443 quod
1193 2361 1365 2426 concilium

310 2469 329 2498 “
352 2462 502 2549 generale
536 2461 697 2547 prohibet,
720 2483 762 2526 ne
794 2461 873 2546 quis,
899 2467 1008 2526 mutet
1039 2461 1261 2528 calendarium
1295 2464 1365 2528 sino

312 2573 330 2599 “
353 2564 487 2629 licentia
524 2563 610 2628 sedis
655 2563 841 2649 apostolicae
879 2563 1038 2650 speciali;
1077 2564 1134 2629 sed
1172 2565 1238 2630 ista
1274 2567 1366 2632 sedes

314 2676 331 2701 “
353 2666 545 2732 beatissima
567 2665 701 2731 deberet
723 2666 784 2732 hoc
818 2671 1002 2730 monstrum
1025 2666 1139 2732 tollere
1163 2667 1203 2732 de
1226 2669 1364 2734 ecclesia

314 2768 466 2834 “Julius
498 2767 629 2853 quidem
662 2766 772 2833 Caesar
810 2768 983 2832 constituit
1022 2767 1243 2833 calendarium
1279 2771 1367 2855 quod

313 2879 333 2907 “
355 2870 521 2941 habemus.
554 2891 781 2954 necunquam
813 2869 879 2933 fuit
914 2875 1027 2954 postea
1060 2876 1251 2950 correctum,
1274 2873 1367 2936 etin

314 2981 333 3010 “
355 2989 501 3057 tempore
523 2993 582 3035 suo
605 2992 672 3035 non
694 2969 813 3035 habuit
834 2970 1021 3046 falsitatem,
1045 2991 1119 3054 quse
1141 2993 1229 3035 nuno
1250 2979 1368 3058 regnat

314 3083 333 3110 “
356 3079 490 3161 propter
520 3072 720 3137 mutationes
742 3093 816 3157 quse
846 3070 1036 3136 acciderunt
1058 3093 1079 3135 a
1108 3077 1255 3158 tempore
1277 3072 1367 3158 ejus;

315 3182 334 3212 ‘⁴
357 3181 459 3262 atque
481 3173 613 3240 ecclesis
635 3174 672 3237 in
695 3173 855 3260 principio
878 3173 1020 3237 multum
1043 3179 1162 3238 conato
1191 3179 1243 3239 est
1271 3175 1369 3240 corri-

315 3285 432 3364 “gere
469 3276 700 3354 calendarium,
733 3282 767 3340 et
806 3275 905 3340 multi
943 3297 1036 3362 papae
1074 3276 1114 3340 de
1143 3275 1204 3342 hoo
1238 3278 1368 3343 ordina·

316 3390 335 3418 “
357 3384 487 3457 verunt,
515 3383 551 3443 et
584 3399 651 3441 non
682 3376 747 3442 fuit
780 3377 993 3455 satisfactum,
1026 3400 1064 3443 eo
1102 3379 1189 3464 quod
1227 3380 1262 3444 in
1294 3380 1368 3445 aliis

316 3489 334 3519 ‘¹
357 3486 521 3568 occupata,
546 3485 580 3545 et
603 3501 752 3566 oppressa
783 3479 839 3544 diu
872 3502 930 3566 per
959 3484 1129 3566 tyrannos,
1160 3481 1279 3547 deinde
1310 3505 1369 3568 per

318 3591 335 3620 “
358 3583 528 3649 haereticos
550 3582 693 3667 (circiter
714 3603 772 3668 per
794 3582 991 3668 quingentos
1013 3584 1140 3668 annos),
1163 3588 1198 3647 et
1220 3583 1294 3649 ideo
1318 3586 1369 3648 in-

317 3693 336 3722 “
359 3685 467 3751 valuit
505 3685 704 3749 consuetudo
741 3684 841 3769 longa
878 3689 912 3747 et
950 3688 1117 3768 pertracta
1148 3690 1198 3748 est
1228 3684 1272 3748 ad
1302 3707 1368 3750 nos

317 3796 337 3827 ‘⁴
362 3788 526 3855 Caeterum
547 3807 615 3849 non
632 3785 766 3849 fuerunt
785 3784 821 3848 in
841 3784 1012 3871 primitiva
1034 3784 1167 3849 ecclesia
1189 3788 1369 3852 astronomi

318 3897 338 3927 “
360 3888 503 3976 perfecti,
529 3887 586 3972 qui
616 3887 829 3972 requiruntur
858 3885 902 3951 ad
932 3885 993 3950 hoc
1022 3885 1162 3950 sublime
1191 3888 1369 3971 negotium.

318 3991 449 4057 “Nam
475 3989 572 4054 multi
603 3988 723 4054 summi
748 3988 919 4074 pontifices
944 3991 1149 4072 negaverunt
1174 3988 1263 4052 viros
1288 4012 1370 4075 quos

321 4103 338 4130 “
360 4092 573 4159 aestimabant
602 4091 714 4176 aliqua
740 4090 950 4155 laudabiliter
979 4089 1060 4154 scire
1090 4088 1131 4153 de
1161 4093 1368 4171 astronomia,

320 4205 338 4234 “
360 4203 400 4261 ut
434 4198 636 4280 apponerent
664 4192 854 4271 remedium,
885 4195 920 4257 et
948 4196 1164 4256 tentaverunt
1194 4192 1299 4272 multi,
1332 4200 1371 4262 ut

321 4308 338 4334 “
361 4295 569 4383 Theophilus,
601 4294 771 4374 Eusebius,
803 4300 837 4361 et
863 4293 1061 4373 Victorinus,
1090 4293 1241 4380 Cyrillus,
1270 4296 1369 4378 Beda,

319 4409 338 4440 “
362 4406 397 4466 et
426 4398 533 4464 multi.
581 4397 647 4462 Sed
670 4419 737 4463 non
766 4397 831 4461 fuit
859 4396 1061 4462 astronomis
1084 4396 1121 4461 in
1150 4418 1212 4462 usu
1237 4399 1371 4465 Latino·

320 4511 339 4540 “
361 4525 436 4568 rum
458 4500 523 4566 nisi
544 4522 671 4586 parum,
687 4520 747 4564 nec
769 4499 805 4563 in
827 4520 889 4566 usu
912 4498 1053 4565 ecclcsiee
1075 4499 1165 4584 apud
1184 4499 1314 4566 Graecos
1336 4507 1371 4568 et

320 4613 339 4642 “
364 4605 532 4681 Hebraeos,
558 4604 643 4668 sicut
668 4623 728 4667 nec
754 4601 828 4667 alise
857 4607 967 4688 partes
997 4601 1208 4688 philosophiae
1238 4611 1373 4690 propter

323 4715 341 4744 “
363 4707 487 4773 multos
509 4727 630 4784 causas,
656 4725 794 4791 quarum
818 4703 945 4790 aliquas
968 4702 1081 4790 scripsi
1103 4704 1259 4790 superius.
1306 4705 1372 4771 Sed
