3586 5640
439 800 506 863 220
829 809 957 862 soonar
980 809 1125 862 nacoms
1406 788 1495 883 [oar.

440 999 646 1086 scenopegiae,
663 1000 751 1085 quod
766 1020 832 1064 non
852 999 930 1064 licet
953 999 1057 1065 facere
1081 998 1117 1063 in
1133 996 1286 1064 Sabbato.
1333 996 1496 1063 Similiter

440 1101 520 1167 ncc¹
562 1103 597 1165 iu
629 1102 681 1166 dic
722 1102 884 1178 Mercurii,
922 1103 1000 1186 quia
1032 1106 1111 1166 tuno
1141 1100 1268 1166 decima
1306 1099 1376 1165 dies
1405 1100 1495 1164 illius

440 1204 560 1268 mensis
581 1210 666 1268 esset
686 1204 721 1267 in
742 1204 795 1268 die
812 1203 956 1268 Veneris.
1003 1203 1069 1269 Sed
1091 1203 1128 1267 in
1150 1202 1209 1267 illa
1235 1203 1287 1267 die
1312 1201 1396 1266 nihil
1419 1203 1497 1267 licet

441 1306 522 1382 fieri,
548 1302 647 1370 nam²
671 1311 722 1370 cst
752 1329 811 1392 par
836 1305 1004 1382 Sabbato;
1030 1310 1229 1391 quapropter
1256 1325 1325 1370 non
1352 1304 1497 1369 facerent

442 1408 565 1473 cibaria
588 1409 624 1472 in
643 1408 702 1472 illa
726 1407 787 1487 die,
804 1408 861 1473 sed
886 1412 1052 1494 oporteret
1078 1408 1114 1471 in
1141 1408 1195 1472 die
1211 1407 1234 1472 J
1236 1408 1307 1473 ovis
1330 1406 1389 1471 illa
1414 1407 1494 1484 fieri,

442 1511 530 1596 quod
554 1515 638 1576 esset
659 1532 760 1596 grave
783 1515 915 1597 propter
936 1510 1217 1597 putrefactionem,
1238 1514 1272 1575 et
1294 1509 1438 1574 maxime
1462 1507 1498 1573 in

443 1612 548 1678 calida
577 1613 709 1699 regione
739 1617 774 1677 et
804 1613 840 1676 in
867 1611 972 1678 calido
1001 1617 1155 1699 tempore.
1203 1612 1300 1690 Item,
1326 1612 1355 1676 si
1378 1611 1498 1697 aliquis

327 1709 329 1716 ’
443 1719 528 1781 esset
551 1720 701 1780 mortuus
724 1715 760 1779 in
787 1714 839 1779 die
869 1713 975 1792 «lovis,
1010 1735 1077 1778 non
1107 1714 1300 1802 sepeliretur
1325 1736 1428 1798 usque
1455 1714 1498 1778 ad

444 1818 531 1883 diem
548 1817 763 1895 Dominicam,
789 1816 878 1904 quod
893 1839 960 1882 non
975 1823 1061 1882 esset
1076 1817 1246 1883 tolerabile
1266 1817 1302 1881 in
1322 1821 1411 1882 terra
1430 1816 1497 1880 illa.

445 1919 516 1985 Nee
549 1924 660 2007 potest
706 1918 760 1985 die
790 1918 929 1984 Veneris
966 1941 1074 1984 annus
1112 1919 1264 2006 incipere,
1304 1918 1382 2006 quia
1418 1923 1500 1984 tune

445 2022 574 2088 decima
589 2027 674 2088 esset
694 2021 730 2086 in
751 2021 806 2087 die
829 2021 1015 2099 Dominiea,
1041 2028 1076 2088 et
1099 2022 1149 2088 ita
1172 2022 1362 2088 acciderent
1384 2021 1500 2087 incon-

444 2125 616 2192 venientia
637 2147 725 2191 nune
749 2125 863 2204 dieta;
885 2125 964 2212 quia
986 2124 1074 2190 idem
1099 2130 1151 2191 est
1176 2125 1248 2191 sive
1274 2124 1404 2191 decima
1430 2124 1500 2190 dies

446 2235 604 2314 sequatur
635 2227 829 2305 Sabbatum,
872 2228 943 2293 sive
984 2228 1151 2314 praecedat
1191 2227 1393 2293 immediate.
1454 2226 1500 2291 Et

445 2330 521 2396 ideo
544 2331 585 2396 de
608 2331 804 2396 necessitate
830 2330 914 2417 legis
938 2329 1064 2398 divinae
1091 2335 1224 2418 oportet
1248 2329 1338 2416 quod
1362 2328 1501 2395 Hebraei

446 2432 607 2518 incipiant
623 2455 747 2498 annum
771 2454 868 2497 suum
895 2433 948 2499 die
970 2433 1083 2514 Lunae,
1100 2439 1135 2499 et
1161 2432 1214 2498 die
1240 2433 1368 2513 Martis,
1389 2437 1424 2498 et
1446 2431 1502 2496 die

471 2536 550 2612 ovis,
575 2541 611 2600 et
634 2535 687 2600 die
714 2534 863 2614 Sabbati,
889 2539 925 2601 et
948 2557 1013 2601 non
1040 2537 1147 2603 aliter.
1195 2536 1241 2602 Et
1266 2536 1345 2622 quia
1371 2535 1417 2600 sio
1441 2539 1500 2613 est,

459 2637 520 2703 deo
550 2638 656 2704 saneti
686 2637 882 2725 patriarchas
912 2643 947 2703 et
985 2639 1154 2726 prophetas
1184 2643 1367 2726 posuerunt
1395 2659 1500 2703 unum

448 2761 571 2806 aunum
599 2762 813 2819 communem,
844 2739 902 2826 qui
930 2740 1035 2806 habet
1064 2746 1228 2808 trecentos
1258 2741 1502 2828 quinquaginta

447 2848 589 2930 quatuor
605 2844 682 2924 dies,
706 2844 791 2909 siout
814 2843 997 2909 astronomi
1017 2866 1129 2910 omnes
1149 2843 1359 2910 considerant
1377 2865 1502 2908 annum

448 2947 597 3013 lunarem
611 2972 618 3028 3
642 2952 677 3012 et
691 2946 792 3012 aliurn
808 2968 933 3011 annum
947 2954 1129 3033 posuerunt
1144 2947 1354 3023 diminutum,
1379 2946 1503 3012 scilicet

449 3056 669 3116 trecentorum
686 3049 927 3137 quinquaginta
941 3049 1044 3115 trium
1061 3050 1187 3115 dierum
1200 3072 1208 3129 3
1223 3056 1258 3115 et
1272 3049 1374 3114 alium
1389 3069 1502 3136 super·

447 3153 559 3231 fluum,
593 3153 717 3218 scilicet
746 3158 968 3219 trecentorum
995 3152 1237 3239 quinquaginta
1264 3152 1408 3238 quinque
1435 3151 1504 3216 dic-

448 3254 546 3333 rum,³
572 3262 707 3342 propter
722 3255 782 3320 hoc
805 3255 894 3342 quod
919 3277 987 3321 non
1007 3260 1191 3342 potuerunt
1210 3253 1356 3342 incipere
1378 3275 1503 3319 annum

449 3363 556 3427 tribus
583 3363 699 3427 diebus
722 3362 914 3448 praediotis3
939 3367 974 3428 et
993 3367 1247 3449 composuerunt
1271 3361 1420 3426 tabulam
1436 3365 1502 3426 tre·

450 3465 554 3530 decim
570 3465 745 3550 cyclorum,
762 3465 879 3551 inqua
902 3469 1084 3553 potuerunt
1107 3465 1219 3530 omnia
1242 3465 1402 3552 complere
1429 3484 1504 3550 quae

449 3569 617 3654 pertinent
641 3567 683 3632 ad
714 3568 806 3644 festa,
838 3571 873 3632 et
899 3589 973 3654 quae
1003 3567 1047 3633 ad
1069 3569 1245 3634 veritatem
1268 3567 1504 3654 primationum

450 3671 675 3757 requiruntur,
705 3670 885 3735 secundum
916 3670 1209 3736 considerationem
1244 3670 1504 3736 astronomicam.

451 3775 496 3839 Et
520 3776 556 3839 iu
582 3774 644 3839 hae
673 3773 789 3838 tabula
815 3778 865 3838 est
889 3773 1010 3838 mirum
1032 3775 1206 3839 artificium
1223 3774 1438 3850 astronomiae,
1469 3778 1506 3837 et

451 3901 579 3943 summa
600 3877 683 3964 legis
706 3876 932 3962 intelligendae
955 3876 1093 3957 utilitas,
1116 3883 1152 3941 et
1174 3877 1321 3942 omnium
1345 3876 1504 3941 festorum

450 3982 616 4068 legalium,
648 4002 745 4066 quarn
779 3979 835 4065 qui
870 3979 974 4044 nescit
1001 4000 1170 4065 nunquam
1202 3984 1311 4065 potest
1343 3979 1424 4043 sciro
1453 3977 1504 4041 in·

451 4084 621 4149 tellectum
644 4081 735 4169 legia,
759 4087 799 4145 ut
832 4085 971 4167 oportet,
1007 4101 1066 4145 nec
1098 4103 1172 4145 cum
1202 4079 1329 4146 Judaeis
1359 4079 1504 4145 conferre

452 4185 494 4250 de
543 4185 674 4262 talibus,
713 4206 773 4249 nec
814 4183 861 4247 eis
900 4181 1094 4269 persuadere
1139 4181 1278 4247 utiliter.
1349 4182 1394 4246 Et
1431 4181 1505 4247 ideo

452 4293 557 4352 totam
591 4286 685 4373 posui
718 4284 891 4351 Hebraicis
925 4284 1031 4349 literis
1062 4285 1098 4349 in
1132 4285 1239 4372 Opere
1270 4284 1399 4371 Majon',
1431 4305 1505 4349 cum
1572 4330 1575 4335 -
