3586 5640
308 773 389 861 1x]··
709 789 797 841 oms
819 787 978 841 ammom
1313 775 1355 839 29

305 958 436 1026 mentis.
481 958 528 1026 Et
559 980 645 1047 papa
678 960 803 1026 obtulit
833 962 934 1027 thura
966 959 1073 1041 idolis,
1108 981 1151 1026 ex
1185 959 1303 1026 timore
1337 982 1358 1024 a

304 1061 384 1128 fidei
405 1061 550 1128 veritate
576 1061 754 1142 discedens,
777 1062 835 1128 sed
866 1067 980 1149 postea
1011 1062 1113 1128 rediit
1144 1063 1188 1126 ad
1220 1061 1357 1127 eandem

306 1163 489 1230 veritatem,
551 1163 652 1232 Unde
681 1165 710 1230 si
740 1164 848 1230 sancti
886 1185 955 1229 uon
991 1164 1101 1229 omnia
1136 1163 1359 1251 philosophica

307 1265 502 1352 approbant,
540 1265 595 1332 vel
631 1266 744 1352 aliqua
781 1266 970 1352 reprobant,
1008 1287 1052 1331 ex
1088 1265 1287 1352 ignorantie,
1325 1270 1359 1330 et

306 1372 442 1454 propter
472 1367 618 1454 quinque
653 1390 776 1449 causas,
808 1390 890 1454 quas
921 1373 1023 1454 tango
1056 1367 1091 1432 in
1127 1367 1234 1454 prima
1266 1372 1359 1452 parte

309 1468 427 1556 Operis
449 1467 606 1556 Majoris,¹
632 1491 746 1536 versus
768 1469 869 1535 finem
899 1469 990 1536 illius
1013 1469 1129 1555 partis,
1152 1491 1220 1534 uon
1250 1468 1359 1544 miror,

310 1568 411 1637 cum’
448 1570 540 1637 aliud
582 1577 712 1657 tempus
750 1570 814 1635 fuit
851 1576 939 1650 tuno,
979 1576 1013 1636 et
1050 1570 1141 1635 aliud
1177 1591 1265 1635 nunc
1302 1575 1360 1634 est.

310 1672 399 1737 Nam
422 1673 510 1739 inter
538 1677 672 1739 caeteras
707 1695 820 1739 causas
853 1693 921 1737 una
955 1677 1005 1737 est
1039 1671 1127 1757 quod
1155 1670 1362 1759 philosophia
1374 1693 1528 1764 ffi¹⁰⁸⁰vl³5

308 1773 446 1861 regebat
482 1774 645 1840 mundum
684 1779 774 1850 tunc,
815 1779 851 1838 et
886 1794 954 1839 non
992 1773 1178 1839 habuerunt
1214 1773 1362 1838 homines
1373 1766 1504 1892 ffiffi

309 1876 480 1963 sapientes,
518 1898 578 1942 nec
610 1876 832 1962 imperatores,
868 1875 968 1939 aliam
1005 1876 1133 1962 legem,
1175 1874 1228 1941 cui
1262 1874 1361 1939 eliam
1375 1894 1486 1956 Chares,

309 1981 389 2043 tuno
410 1999 464 2042 ars
485 1977 615 2064 magica
635 1977 702 2042 fuit
736 1998 867 2042 annexa
900 1975 1078 2042 secundum
1111 1975 1362 2042 aestimationem
1375 1960 1484 2088 m

310 2078 413 2166 vulgi,
448 2078 527 2146 licet
556 2078 742 2167 philosophi
765 2078 837 2143 veri
869 2099 942 2143 eam
975 2099 1102 2165 semper
1132 2077 1362 2143 abhorrebant.
1375 2093 1510 2156 pamma

309 2179 355 2246 Ei
378 2180 457 2266 quia
477 2181 524 2247 sio
546 2181 726 2268 praevaluit
747 2177 890 2244 mundo⁸
912 2178 1126 2267 philosophia,
1150 2185 1185 2245 et
1216 2179 1363 2245 homines
1374 2160 1530 2278 mmm

309 2281 456 2368 gaudent
477 2303 575 2348 sensu
596 2304 655 2349 suo
679 2288 713 2348 eh
735 2281 978 2356 consuetudins,
1000 2280 1074 2346 ideo
1096 2302 1162 2346 non
1185 2281 1363 2346 voluerunt

310 2383 411 2449 aliam
432 2384 538 2472 legem
560 2385 722 2471 recipere;
752 2388 787 2450 ct
808 2383 881 2448 ideo
905 2381 1083 2449 secundum
1107 2381 1268 2469 judicium
1289 2382 1362 2468 phi-

310 2484 520 2572 losophorum
564 2491 599 2550 eo
640 2484 812 2551 consilium
853 2490 963 2551 actum
1004 2489 1054 2549 cst
1093 2489 1207 2550 contra
1250 2483 1360 2550 Chiis·

311 2586 440 2667 tianos3
474 2592 509 2652 et
538 2592 672 2674 propter
702 2587 762 2653 hoc
793 2608 814 2651 a
838 2586 998 2673 principio
1028 2586 1160 2653 ecclesia
1188 2586 1362 2653 abhorruit

311 2686 560 2774 philosophiam,
600 2694 634 2752 et
671 2688 730 2753 diu
767 2687 827 2753 hoc
864 2688 1024 2768 duravit3
1071 2694 1105 2754 et
1145 2689 1220 2753 ideo
1257 2688 1361 2754 sancti

310 2787 424 2875 aliqua
452 2789 719 2876 reprobaverunt.
765 2789 831 2854 Sed
864 2795 976 2854 tamen
1010 2789 1068 2874 qui
1102 2790 1184 2854 bene
1218 2790 1363 2854 consido-

311 2895 374 2970 rat,
405 2890 476 2958 haec
502 2896 581 2956 sunt
614 2890 793 2958 secundum
816 2891 991 2955 veritatem
1025 2890 1152 2975 magica
1181 2911 1255 2974 quse
1285 2896 1364 2954 tunc

312 2990 455 3078 asclipio
483 2991 618 3057 fuerunt
643 2990 869 3078 philosophias,
893 2989 1070 3054 secundum
1088 2989 1253 3074 judicium
1275 3012 1364 3054 sanc-

312 3096 424 3158 torum
446 3097 481 3159 et
503 3092 652 3159 ecclesiae.
704 3092 750 3158 Et
772 3090 986 3178 proculdubio
1009 3089 1157 3156 infideles
1179 3112 1237 3176 per
1259 3094 1364 3155 artem

312 3194 474 3280 magicam
496 3194 604 3260 multa
625 3194 713 3259 mala
735 3194 908 3273 fecenmt3
940 3213 1017 3256 nam
1041 3196 1075 3257 ct
1096 3193 1252 3257 miracula
1274 3215 1364 3258 sanc-

311 3301 422 3362 corum
456 3296 675 3383 ascripserimt
707 3295 836 3361 artibus
869 3294 1013 3382 magicis,
1049 3295 1129 3381 quia
1162 3296 1282 3383 vulgus
1316 3296 1365 3359 in-

313 3396 462 3462 fidelium
484 3397 591 3463 mulia
613 3397 772 3462 viderunt
807 3396 878 3462 fieri
912 3396 1077 3462 mirabilia
1110 3397 1153 3463 ab
1177 3398 1366 3464 hominibus

314 3496 532 3564 fraudulentis
554 3520 613 3584 per
634 3503 739 3564 artem
761 3499 928 3584 magicam.

361 3598 489 3681 Quarta
510 3599 649 3686 objectio
671 3605 781 3688 potest
802 3601 883 3681 fieri,
907 3601 986 3689 quia
1012 3601 1047 3666 in
1081 3602 1141 3681 his,
1165 3624 1238 3687 quae
1272 3602 1367 3667 vobis
1380 3618 1460 3697 aas
1473 3633 1533 3669 eon-

315 3702 429 3779 soribo,
467 3706 544 3767 utor
582 3702 696 3766 multis
732 3703 1026 3787 reprobationibus,
1064 3709 1098 3767 et
1135 3703 1217 3767 alias
1254 3704 1368 3768 multis
1379 3694 1496 3802 ἓξὲξ.

316 3802 479 3882 laudibus,
517 3808 552 3870 ei
589 3804 630 3868 de
668 3803 814 3890 personis
852 3809 886 3868 et
923 3806 965 3868 de
1002 3803 1153 3868 scientiis.
1213 3805 1269 3867 Ad
1307 3805 1368 3870 hoc
1381 3820 1431 3868 and
1442 3833 1486 3881 sp

316 3905 496 3992 respondeo
529 3905 618 3992 quod
644 3927 711 3970 non
740 3926 871 3991 possum
900 3904 998 3970 aliter
1026 3904 1152 3991 aperire
1183 3883 1520 4002 veritate1n,g{;¹g‡}⁸⁰f

316 4008 402 4073 sicut
438 4006 597 4074 videbitis
631 4028 673 4073 ex
705 4006 788 4072 serie
821 4006 968 4072 omnium
1006 4005 1248 4093 scripturarum,
1287 4031 1369 4093 quas

317 4108 401 4174 facio
433 4107 554 4189 vobis;
603 4113 638 4174 et
669 4107 804 4188 affiimo,
837 4129 946 4174 coram
978 4107 1049 4173 Deo
1080 4114 1115 4174 ct
1147 4110 1249 4191 vobis,
1281 4111 1368 4196 quod

316 4207 378 4276 hoc
403 4231 471 4276 non
502 4209 586 4275 facio
617 4209 682 4275 nisi
711 4216 846 4298 propter
875 4209 1105 4277 necessitatem
1135 4214 1368 4299 persuadenda

353 4581 465 4650 'Operis
482 4583 606 4654 Majorie]
635 4583 705 4650 Opus
730 4583 821 4648 mom.
901 4585 988 4653 ὀνκ]
1008 4589 1058 4639 sed
1072 4588 1102 4640 Τ.
1114 4590 1143 4641 B.

320 4677 344 4728 p.
365 4667 404 4715 le.
901 4665 1021 4732 ’πωπω
1041 4667 1066 4718 ln
1079 4671 1181 4731 mundo,
1193 4670 1224 4720 T.
