3586 5640
456 719 522 781 280
826 731 954 782 nonani
976 728 1124 780 εεεοειε
1415 713 1507 800 [cna.

456 909 565 993 potest
598 903 787 992 contingere
814 905 884 971 dies
917 904 1091 971 Dominica
1123 902 1160 969 in
1191 901 1244 968 his
1275 902 1371 968 annis
1402 902 1510 990 pridie

457 1009 540 1074 Idus
563 1008 688 1087 Martii,
711 1013 747 1074 et
770 1007 894 1086 Idibus,
920 1007 972 1074 et²
1005 1007 1051 1073 sie
1083 1006 1182 1086 ultra,
1215 1026 1320 1092 usque
1353 1004 1396 1070 ad
1427 1006 1511 1071 duo·

457 1111 620 1176 decimum
658 1109 829 1177 Kalendas
866 1111 1001 1198 Aprilis,
1031 1110 1105 1176 ideo
1143 1107 1372 1195 multipliciter
1409 1106 1510 1173 debet

457 1211 529 1278 fieri
574 1213 699 1279 Pascha
741 1213 777 1278 in
821 1213 887 1278 illis
931 1212 1055 1290 diebus,
1097 1211 1187 1298 quod
1231 1207 1398 1276 observari
1440 1230 1509 1276 non

458 1320 569 1402 potest
612 1313 641 1381 si
678 1315 822 1402 primum
867 1314 994 1381 Pascha
1037 1314 1083 1380 sit
1126 1311 1299 1379 undecimo
1342 1310 1511 1377 Kalendas

457 1417 590 1504 Aprilis.
643 1417 690 1484 Et
732 1417 887 1504 quoniam
931 1416 1165 1504 aequinoctium
1202 1434 1318 1481 verum
1360 1413 1511 1480 ascendit

458 1519 532 1606 plus
570 1523 605 1585 et
637 1519 720 1606 plus,
759 1519 809 1585 ita
843 1519 955 1606 quod²
993 1518 1123 1585 circiter
1159 1516 1369 1583 millesimum
1406 1516 1511 1603 quad·

457 1621 730 1708 ringentesimum
777 1621 1011 1710 octogesimum
1049 1625 1084 1687 et
1128 1641 1232 1686 unum
1276 1640 1401 1684 annum
1445 1619 1511 1685 erit

458 1725 576 1810 quinto
622 1723 703 1790 Idus
748 1723 871 1802 Martii,
918 1729 953 1790 et
1001 1723 1048 1789 sic
1099 1722 1239 1788 ulterius
1287 1719 1510 1788 antecedendo

458 1849 572 1892 versus
629 1825 828 1914 principium
883 1825 1007 1906 Martii,
1062 1827 1241 1891 secundum
1294 1824 1511 1912 computatio

458 1929 553 1994 nem³
590 1926 784 2010 kalendarii,
816 1934 851 1995 et
882 1929 971 1994 ultra
1002 1926 1163 1993 Martium
1194 1926 1349 1993 continue
1378 1931 1512 2014 propter

458 2053 601 2097 errorem
639 2031 680 2098 de
716 2031 862 2098 falsitate
893 2030 983 2108 anni,
1018 2050 1146 2096 necessa
1178 2034 1228 2095 eat
1266 2029 1354 2115 quod
1386 2028 1513 2095 Pascha

458 2134 553 2199 fieret
575 2133 660 2198 circa
681 2133 880 2220 principium
904 2130 1020 2197 Martii
1041 2130 1096 2196 vel
1118 2131 1155 2196 in
1178 2130 1358 2196 Februario
1369 2155 1378 2211 ;
1404 2135 1440 2196 ct
1464 2131 1513 2197 sic

459 2233 683 2300 antecedendo
713 2235 890 2300 secundum
914 2233 1169 2300 antecessionem
1199 2231 1397 2318 aequinoctii.
1444 2231 1512 2298 Sed
1562 2244 1566 2250 ’

458 2336 520 2402 hoc
542 2342 593 2401 est
615 2336 851 2402 inconveniens
884 2335 1068 2401 maximum
1080 2357 1091 2415 ;
1124 2335 1202 2421 quia
1232 2334 1278 2400 sic
1309 2356 1377 2400 non
1405 2333 1512 2400 solum

459 2437 590 2517 Pascha,
614 2439 671 2503 sed
693 2437 953 2525 quadragesima,
975 2442 1011 2503 et
1033 2436 1145 2502 omnia
1166 2437 1251 2502 festa
1272 2436 1409 2501 mobilia
1425 2458 1512 2502 reee-

458 2539 573 2604 derent
594 2538 797 2605 horribiliter
819 2561 840 2604 a
862 2543 955 2604 statu
977 2560 1045 2616 suo,
1071 2543 1106 2605 et
1135 2537 1391 2605 confunderetur
1419 2543 1513 2606 totus

457 2641 537 2706 ordo
577 2640 786 2707 ecclesiastici
833 2638 938 2707 officii.
999 2640 1172 2722 Praeterea,
1212 2663 1286 2707 cum
1333 2642 1513 2708 secundum

459 2743 636 2810 veritatem
677 2742 803 2810 Pascha
847 2747 959 2830 potest
990 2742 1148 2811 celebrari
1183 2748 1263 2810 ante
1300 2742 1512 2810 undecimum
1597 2822 1600 2827 ¹

461 2845 631 2913 Kalendae
655 2845 787 2934 Aprilis,
817 2843 994 2912 secundum
1030 2844 1301 2933 aequinoctiorum
1326 2846 1512 2928 veritatem,

460 2954 495 3016 et
520 2949 583 3016 hoc
610 2972 669 3038 per
698 2949 820 3016 multos
849 2948 928 3028 dies,
956 2953 993 3016 et
1027 2954 1109 3035 quot
1141 2949 1303 3030 volumus,
1332 2944 1512 3016 secundum

460 3053 549 3139 quod
592 3051 829 3140 aequinoctium
873 3051 1049 3129 antecedit,
1090 3055 1222 3138 oportet
1263 3051 1353 3138 quod
1393 3072 1512 3118 verum

460 3155 719 3243 quadragesimae
742 3152 942 3242 principium
962 3153 1115 3219 similiter
1145 3154 1310 3235 ascendat,
1334 3159 1512 3242 antequam

459 3257 638 3343 incipiatur
674 3257 853 3324 secundum
890 3277 986 3322 usum
1009 3255 1158 3322 ecclesiae.
1204 3256 1251 3322 Et
1283 3256 1333 3322 ita
1365 3257 1402 3322 iu
1433 3278 1514 3324 vera

459 3357 712 3445 quadragesima
734 3380 847 3426 carnes
869 3358 1070 3446 permultos
1092 3358 1164 3424 dies
1195 3358 1417 3426 comedentur.
1464 3359 1513 3425 Et

460 3461 498 3525 in
529 3467 663 3527 tantum
694 3467 803 3549 potest
826 3461 1061 3547 aequinoctium
1095 3461 1286 3527 antecedere
1320 3462 1409 3548 quod
1439 3466 1514 3527 tota

459 3563 710 3650 quadragesima
747 3585 827 3628 vera
864 3563 929 3628 erit
966 3563 1003 3626 in
1040 3568 1186 3648 tempore
1224 3585 1289 3648 quo
1328 3561 1513 3629 Christiani

458 3666 630 3732 comedent
667 3687 787 3743 carnes,
827 3664 915 3750 quod
953 3669 1004 3730 ast
1042 3664 1324 3731 absurdissimum.
1382 3664 1428 3730 Et
1465 3665 1513 3731 sie

457 3767 578 3833 festum
603 3768 767 3845 Paschale‚
791 3789 856 3853 quo
878 3767 1022 3832 mundus
1044 3767 1201 3848 salvatur,
1225 3773 1260 3832 et
1284 3768 1405 3833 festum
1428 3767 1515 3832 Pen-

457 3875 607 3947 tecostes,
632 3894 696 3956 quo
730 3870 840 3957 gratia
871 3869 935 3934 Dei
967 3869 1087 3934 diffusa
1120 3871 1171 3935 est
1203 3869 1239 3934 in
1271 3870 1447 3947 ecclesiam,
1478 3874 1515 3935 et

459 3977 579 4038 caetera
600 3973 688 4038 festa
710 3972 846 4038 mobilia
867 3971 1057 4051 violantur3
1081 3975 1116 4036 et
1138 3993 1197 4057 per
1219 3993 1418 4057 consequens
1447 3972 1514 4037 aha

458 4073 543 4139 festa
576 4074 766 4152 immobilia,
801 4073 880 4159 quia
917 4073 975 4137 illa
1008 4072 1132 4138 cedunt
1153 4072 1323 4138 Paschali⁴
1355 4080 1390 4139 et
1419 4073 1515 4139 festis

457 4174 533 4239 aliis
571 4175 624 4239 sui
656 4176 797 4261 generis,
830 4178 870 4240 ut
902 4178 1019 4240 notum
1051 4179 1101 4239 est
1133 4173 1313 4240 evidenter.
1360 4175 1407 4241 Et
1437 4196 1512 4241 cum

490 4429 546 4496 Ιει]
567 4447 615 4481 om.
628 4432 658 4483 Β.
979 4450 985 4481 ι
1042 4429 1271 4498 'comparativam
1299 4431 1514 4498 compositionem,

489 4586 585 4654 ’φακῆ
604 4602 653 4640 om.
666 4582 697 4638 'lh
1010 4510 1195 4657 1412th
1216 4589 1340 4653 Pacarii,
1353 4589 1384 4642 Τ.
