3586 5640
455 775 520 844 140
827 790 956 843 aoaaru
978 791 1123 844 mcours
1415 775 1507 866 [car.

452 965 490 1031 in
515 965 640 1032 decimo
666 963 765 1033 tertio
791 967 876 1033 libro
904 969 1101 1055 geometria.
1149 967 1356 1036 Sedsaltem
1378 971 1508 1053 oportet

454 1069 541 1153 quod
570 1068 757 1154 hujusmodi
780 1071 935 1158 figuratio
958 1093 1129 1158 corporum
1159 1072 1275 1136 muudi
1305 1071 1503 1136 destruatur.

454 1169 542 1235 Nam
575 1193 715 1238 vacuum
748 1172 898 1259 pluribus
928 1173 1034 1239 modis
1063 1174 1227 1260 reperitur
1257 1174 1286 1238 si
1316 1171 1506 1258 hujusmodi

453 1273 671 1360 configuratio
693 1275 910 1355 concedatur3
933 1275 1010 1361 quia
1031 1277 1148 1341 saltem
1163 1273 1199 1340 iri
1215 1276 1293 1342 ooelo
1309 1281 1343 1340 ct
1358 1275 1394 1339 in
1412 1296 1505 1360 aqua.

454 1374 504 1441 De
526 1376 641 1462 figuris
663 1377 750 1442 euim
773 1378 1047 1464 respondentibus
1069 1378 1135 1443 illis
1157 1378 1346 1466 corporibus
1377 1382 1504 1443 certum

453 1479 612 1563 estquod
634 1501 699 1544 non
722 1485 861 1566 possunt
883 1479 989 1546 locum
1012 1481 1145 1568 replere.

870 1731 948 1800 Car.
975 1728 1076 1798 XLI.¹

285 1901 352 1956 ’Μ
362 1905 406 1959 ‘¹¹⁰
496 1909 639 1978 Damna
653 1909 816 1978 conclusi²
838 1913 984 1979 breviter
998 1935 1057 2001 per
1075 1912 1287 2000 geometricas
1302 1913 1503 1977 demonatra⁴

284 1972 575 2094 ppplffitopetiones,
604 2014 767 2081 unitatem
797 2015 914 2081 mundi
945 2021 979 2082 et
1013 2015 1199 2095 finitatem
1231 2014 1309 2101 quia
1342 2015 1504 2079 Averroes

451 2138 548 2206 super
581 2117 777 2205 principium
812 2117 885 2184 oceli
918 2124 953 2184 ct
983 2118 1107 2194 mundi,
1131 2116 1190 2205 qui
1219 2117 1314 2205 ponit
1343 2117 1504 2182 mundum

451 2241 520 2287 esse
541 2219 719 2302 infinitum,
750 2226 809 2286 aut
839 2220 979 2286 mundos
1008 2221 1126 2307 plures,
1156 2242 1222 2286 nou
1245 2224 1354 2307 potest
1383 2239 1504 2306 ponere

451 2320 576 2409 ipsum⁴
590 2321 711 2389 habero
726 2322 860 2408 aliquod
876 2322 1083 2410 principium,
1096 2344 1201 2410 nequa
1216 2325 1385 2399 aeternum,
1399 2341 1505 2407 aeque

452 2445 518 2489 non
550 2429 718 2491 aetemum.
770 2423 856 2506 Quia
888 2425 917 2490 ai
952 2431 1037 2492 esset
1071 2425 1221 2490 infinitus
1255 2427 1334 2490 tunc
1368 2421 1504 2490 haberet

451 2527 634 2612 potentiam
664 2525 838 2606 infinitam,
870 2532 905 2592 at
938 2533 1024 2592 esset
1056 2527 1154 2607 Deus,
1187 2525 1242 2593 ctl
1272 2547 1340 2592 non
1369 2525 1505 2591 haberet

451 2627 657 2714 principium.
698 2629 735 2694 Si
756 2628 875 2716 plures,
891 2633 973 2695 tunc
990 2633 1100 2695 essent
1114 2629 1224 2717 plures
1239 2626 1305 2694 dii⁶
1325 2628 1503 2695 secundum

451 2729 676 2816 pluralitatem
699 2731 920 2811 mundorum
944 2731 1032 2818 quod
1047 2736 1098 2798 eat
1119 2731 1329 2819 impossibile.
1369 2731 1415 2796 Et
1429 2729 1504 2795 ideo

451 2854 519 2898 non
541 2832 702 2901 haberent
724 2833 832 2900 Deum
855 2838 1044 2916 creatorem,
1067 2831 1144 2900 ncc⁷
1166 2834 1375 2922 principium.

283 2953 413 3010 maier.
497 2934 543 3002 Et
564 2935 638 3003 ideo
668 2935 721 3004 hae
743 2936 904 3004 veritates
934 2947 1012 3004 aunt
1040 2937 1144 3025 magis
1174 2936 1373 3024 theologicae,
1405 2956 1504 3022 quam

283 3037 339 3074 ⁰¹¹⁶·
451 3038 565 3105 multa
588 3039 661 3106 aliae
677 3061 698 3104 a
713 3039 875 3128 theologis
897 3039 1085 3127 disputata,
1101 3048 1141 3105 ut
1162 3038 1203 3105 de
1219 3039 1332 3126 figam,
1348 3047 1382 3105 ct
1403 3041 1503 3114 motu,

452 3145 486 3207 et
508 3140 708 3228 hujusmodi.
754 3142 821 3208 Sed
844 3139 1010 3228 quianon
1033 3147 1113 3208 aunt
1139 3141 1174 3207 in
1196 3163 1258 3207 usu
1288 3163 1400 3207 eorum
1430 3140 1504 3206 ideo

451 3241 584 3308 brevius
614 3242 760 3310 transivi
806 3242 908 3310 Nunc
937 3249 1051 3311 autem
1081 3243 1201 3310 addam
1232 3242 1342 3330 aliqua
1364 3265 1438 3330 quae
1467 3243 1502 3307 in

451 3341 525 3409 aliis
547 3344 700 3430 operibus
723 3367 789 3410 non
811 3344 985 3412 habentur.
1031 3345 1228 3412 Aristotcles
1258 3359 1367 3412 autem
1397 3345 1504 3432 primo

452 3444 533 3511 Coeli
557 3456 591 3512 ct
614 3444 755 3512 Μιιιιιὶὶ8
786 3448 898 3535 arguit
921 3471 1024 3514 unum
1057 3449 1218 3514 mundum
1246 3470 1335 3528 esse3
1365 3469 1443 3513 nam
1476 3446 1504 3512 si

449 3547 559 3634 plures
582 3553 689 3614 easent
711 3555 790 3615 tunc
812 3560 900 3616 terra
921 3550 1094 3638 utriusque
1117 3548 1227 3618 esset⁰
1242 3572 1310 3616 una
1324 3549 1503 3616 secundum

449 3650 597 3737 speciem,
614 3651 699 3718 sicut
713 3652 788 3719 duae
804 3651 910 3740 glebae
932 3651 1028 3718 istius
1039 3659 1140 3720 tarrac
1163 3675 1238 3740 quae
1260 3674 1347 3718 nunc
1370 3650 1453 3718 est¹⁰
1467 3651 1502 3715 in

449 3753 511 3821 hoc
533 3754 657 3821 mundo
669 3779 677 3836 ;
701 3755 758 3820 aed
782 3754 880 3821 unius
903 3755 950 3820 rei
973 3754 1154 3822 secundum
1178 3756 1316 3843 speciem
1341 3760 1392 3821 est
1418 3774 1504 3818 unus

481 4082 558 4133 'The
575 4091 750 4148 arrangement
767 4082 796 4133 ol
819 4082 861 4133 the
878 4097 950 4148 para·
977 4096 981 4193 p
1033 4077 1243 4148 ⁴pouerer'psars]
1262 4078 1342 4146 ipsum
1360 4090 1460 4143 ponere,
1473 4075 1503 4129 B.

447 4162 540 4225 graphs
563 4161 589 4210 in
612 4162 664 4212 this
684 4162 787 4226 chapter
809 4162 831 4212 is
852 4164 951 4228 greatly
977 4204 980 4225 ,
1034 4172 1224 4240 ⁵01]quia,'1‘.

447 4241 566 4329 confused
577 4240 603 4289 in
614 4240 645 4290 B.
659 4318 665 4330 ·
683 4241 738 4330 Tire
752 4241 876 4292 additions
887 4243 951 4293 have
977 4230 979 4264 ¹
1032 4266 1042 4296 s
1054 4265 1104 4331 dp]
1123 4265 1218 4328 mundi,
1236 4263 1267 4317 Τ,

447 4319 510 4368 beers
533 4320 640 4368 inserted
658 4334 684 4367 m
707 4327 734 4379 u,
753 4321 788 4385 by
811 4320 853 4370 the
870 4328 949 4372 trans-

446 4399 537 4540 {iffi
547 4397 653 4526 ppglerput
668 4398 717 4447 due
734 4401 824 4463 rogard
840 4407 867 4449 to
884 4401 950 4451 their
1029 4446 1115 4501 .οαιὶ
1125 4457 1148 4500 et
1160 4449 1267 4516 Mundi]
1287 4450 1303 4500 i·
1317 4456 1340 4501 ⁹·

479 4552 619 4619 ²couclusi]
640 4555 711 4618 Opus
723 4555 814 4618 liujus,
826 4571 850 4621 p.
864 4564 905 4608 98.
974 4600 976 4619 ,
1028 4544 1115 4592 'im‘
1127 4579 1133 4592 ·
1145 4578 1152 4592 ·
1165 4542 1255 4608 Mi]
1270 4551 1342 4595 ΨΜ
1354 4580 1361 4594 ·
1373 4578 1380 4594 ·
1394 4579 1399 4592 ·
1412 4550 1501 4596 “mi-
1626 4569 1629 4575 “

480 4631 724 4698 'duronsrmtionea]
761 4633 947 4699 disputationes,
972 4649 976 4771 Ι
996 4639 1027 4689 Τ.

1023 4717 1101 4784 Ιἐεῐ]
1121 4725 1187 4780 sunl,
1199 4718 1228 4769 L.

1031 4357 1109 4423 'aec]
1129 4373 1217 4423 neque,
1235 4358 1265 4409 T.

445 4715 477 4767 T.
