3586 5640
307 809 477 897 muni]
698 826 786 876 orus
808 826 968 879 cunnum
1294 816 1356 881 129

304 1019 416 1084 genus,
451 1002 485 1062 et
516 1019 643 1084 semper
666 999 739 1064 duee
762 1000 883 1085 species
912 1001 1096 1066 alterantur
1128 1001 1171 1065 ed
1205 1001 1355 1077 invicem,
1370 1018 1524 1087 whygenm

305 1101 384 1184 quie
416 1101 584 1186 generatio
619 1101 717 1165 unius
754 1107 805 1166 est
839 1104 1004 1188 corruptio
1040 1103 1184 1168 alteriue.
1244 1103 1356 1167 Genus
1368 1090 1481 1209 mr&

305 1203 394 1266 enim
432 1225 498 1267 non
535 1208 586 1267 est
623 1204 659 1266 iu
697 1209 861 1289 potestate
895 1206 1047 1290 proxime
1085 1205 1149 1268 nisi
1188 1206 1231 1268 od
1273 1204 1356 1268 duas
1369 1196 1466 1288 speciei
1474 1231 1525 1279 anu

304 1305 433 1390 species,
457 1310 492 1369 et
513 1326 640 1390 semper
662 1310 713 1369 est
735 1306 796 1370 sub
819 1307 923 1370 alteru
947 1305 1085 1372 illorum.
1134 1307 1200 1371 Sed
1223 1290 1501 1412 quondo{ffffffrfssl'ge

305 1427 405 1492 egens
443 1406 595 1471 naturale
632 1409 812 1494 corrumpit
835 1430 943 1488 unam,
967 1414 1104 1494 generat
1142 1409 1266 1489 aliom;
1316 1415 1355 1473 ut

305 1507 431 1592 aliquid
455 1512 505 1573 est
526 1530 698 1573 commuue
719 1509 836 1573 semini
868 1517 902 1574 et
924 1511 1067 1587 animali,
1095 1511 1218 1575 scilicet
1241 1532 1356 1596 corpus

305 1610 458 1690 mixtum,
491 1615 525 1674 et
547 1610 676 1675 tollitur
698 1615 819 1675 notura
842 1612 975 1675 seminis
998 1612 1033 1676 in
1067 1613 1280 1698 generatione
1313 1613 1356 1676 ab

306 1710 371 1786 illo,
395 1717 429 1776 et
459 1712 499 1775 fit
532 1712 666 1776 animal.
715 1712 759 1776 Et
783 1714 861 1797 quie
893 1735 989 1778 omne
1021 1714 1103 1780 iilud
1127 1715 1215 1800 quod
1248 1720 1297 1779 est
1320 1716 1356 1778 iu

306 1815 456 1898 potentia
478 1814 521 1877 ml
544 1813 643 1891 uliud,
659 1819 694 1878 et
716 1820 766 1878 eet
788 1814 1040 1880 fundumentum
1055 1816 1203 1895 aliorum,
1220 1822 1358 1881 vocatur

306 1915 477 1979 materiale
498 1915 696 2000 principium
731 1921 765 1980 et
800 1917 948 1996 materia,
982 1918 1055 1982 idco
1089 1940 1192 2005 genus
1220 1922 1358 1983 vocetur

306 2017 453 2093 materie,
490 2017 611 2102 species
642 2024 677 2095 et
714 2017 911 2084 differentiae
944 2026 1106 2084 vocantur
1139 2019 1259 2085 formio,
1321 2021 1358 2084 Si

306 2119 409 2204 igitur
441 2141 664 2205 comparemus
690 2118 823 2184 omnie¹
863 2121 907 2184 ud
943 2143 1063 2206 genera
1094 2143 1162 2198 suo,
1193 2122 1359 2187 reddendo

307 2222 454 2307 singulus
491 2222 612 2307 specics
647 2243 847 2306 eoaequaevoe
881 2222 1019 2308 singulis
1061 2224 1245 2308 generibus,
1276 2229 1357 2288 tuno

306 2325 417 2387 omniu
465 2335 543 2389 sunt
581 2345 685 2388 unum
725 2345 853 2409 genere,
905 2330 939 2388 et
976 2324 1050 2389 ideo
1088 2326 1236 2402 materie,
1276 2327 1356 2410 quio

308 2427 445 2490 materie
467 2431 502 2490 et
524 2448 627 2512 genus
648 2425 737 2490 idem
772 2433 871 2504 eunt3
904 2425 961 2490 sed
985 2426 1146 2492 differunt
1175 2427 1287 2504 forme,
1320 2429 1354 2492 id

306 2533 364 2602 est,
398 2527 586 2593 differentia
617 2528 785 2613 specifica:
821 2535 860 2592 ut
891 2529 1078 2594 substantio
1112 2530 1300 2616 incorporeo
1322 2537 1357 2595 et

306 2650 457 2715 corporee
491 2636 569 2694 sunt
602 2651 707 2693 uuum
742 2629 777 2693 in
811 2651 929 2716 genere
962 2652 1029 2709 cuo,
1067 2631 1191 2696 scilicet
1220 2653 1354 2718 genera-

306 2731 438 2811 lissimo,
455 2731 534 2818 quia
556 2733 592 2795 in
615 2733 811 2812 substantio,
828 2732 914 2817 quoii
938 2738 989 2797 est
1011 2754 1123 2818 genus,
1139 2739 1218 2798 eunt
1234 2756 1355 2814 unum;

306 2832 362 2896 sed
385 2833 543 2898 differunt
565 2833 761 2898 differentiis
782 2834 948 2919 specificis,
972 2856 1046 2918 quae
1068 2841 1147 2898 sunt
1168 2857 1356 2920 corporeum

306 2939 341 2999 et
363 2936 595 3022 incorporeum.
651 2934 697 2999 Et
720 2935 836 3000 coeium
862 2941 896 2999 et
919 2957 1034 3020 corpus
1057 2935 1254 3000 elementere
1278 2943 1357 3000 sunt

306 3038 469 3102 nnumin
503 3057 643 3122 corpore,
677 3036 734 3102 sed
768 3036 930 3101 differunt
964 3035 1160 3100 differentiis
1190 3036 1356 3122 specificis,

307 3161 381 3224 quee
404 3143 483 3204 sunt
506 3139 634 3203 coeleete
657 3145 691 3204 et
714 3160 781 3202 non
803 3137 937 3202 celeste.
996 3138 1042 3202 Et
1067 3139 1112 3202 sic
1139 3138 1179 3202 de
1206 3138 1358 3203 omnibus

306 3241 473 3327 upmciebus
504 3240 720 3326 coaequaevis²
746 3240 942 3327 comparatis
969 3241 1012 3305 ed
1036 3262 1131 3305 suum
1155 3263 1265 3327 genus.
1312 3240 1357 3307 Et
1370 3275 1401 3324 In
1414 3274 1480 3324 what

306 3343 464 3419 similiter,
478 3343 506 3407 si
521 3343 632 3408 omnia
646 3348 878 3428 comparentur
892 3342 935 3407 ed
950 3363 1053 3430 genus
1067 3343 1356 3434 generalissimum,
1370 3341 1520 3458 genselthere

306 3446 417 3510 omnio
438 3451 517 3509 eunt
539 3467 642 3509 unum
657 3445 694 3508 in
708 3466 757 3523 eo,
781 3449 816 3509 et
842 3445 950 3530 ipsum
973 3450 1024 3510 eet
1047 3445 1194 3525 materie,
1210 3469 1285 3532 quee
1307 3451 1358 3511 est
1370 3424 1463 3526 ἓξὲξ
1471 3422 1519 3522 31⁸⁰

306 3548 342 3612 in
364 3547 515 3633 potentie
535 3546 579 3610 od
601 3547 719 3611 omniu.
747 3545 836 3610 Etsi
853 3547 893 3611 de
908 3546 1116 3612 naturalibus
1134 3549 1231 3612 rebus
1246 3548 1358 3632 ioque·
1370 3545 1403 3595 ²¹¹
1415 3539 1507 3605 things.

307 3671 381 3713 mur
396 3648 511 3728 solum,
528 3653 609 3712 tuuc
624 3647 736 3711 omniu
758 3652 838 3712 eunt
861 3669 964 3712 unum
982 3648 1162 3712 secundum
1186 3649 1358 3712 materiem

305 3750 500 3830 naturalem,
517 3771 591 3835 quae
606 3754 659 3814 est
673 3749 810 3814 tertium
825 3772 937 3834 genus,
954 3749 1075 3813 scilicet
1090 3749 1277 3813 substantie
1291 3771 1359 3814 cor-

306 3874 404 3938 poree
426 3873 493 3916 non
525 3851 687 3930 coelestie3
722 3852 801 3936 quio
823 3851 914 3916 istud
937 3855 988 3915 est
1011 3871 1182 3914 commune
1209 3851 1360 3915 omnibus

306 3955 522 4033 naturalibus,
538 3959 573 4019 et
595 3958 644 4018 est
666 3953 702 4017 in
725 3953 876 4039 potentio
897 3953 939 4016 ad
963 3952 1081 4029 omnio,
1097 3956 1132 4015 et
1146 3951 1309 4016 dividitur
1323 3953 1359 4017 in

307 4057 438 4135 omnio3
461 4063 496 4122 et
516 4058 562 4121 sic
584 4056 729 4121 intendit
744 4054 947 4120 Aristotelen
994 4053 1039 4118 Et
1054 4053 1089 4117 iu
1104 4052 1156 4116 his
1171 4053 1277 4117 modis
1291 4076 1359 4120 non

306 4161 449 4224 sumitur
464 4158 603 4224 materia
617 4158 704 4224 sicut
719 4159 755 4222 in
777 4179 883 4222 errore
906 4156 1002 4221 dicto.
1037 4154 1126 4219 Nam
1149 4155 1196 4220 ibi
1217 4156 1360 4222 sumitur

307 4284 366 4348 pro
401 4261 540 4326 materie
574 4283 648 4346 quae
681 4266 732 4326 est
767 4260 873 4324 ultera
899 4281 976 4345 pars
1006 4257 1187 4344 compositi,
1212 4280 1285 4345 quae
1309 4267 1358 4326 eet

344 4486 363 4492 a
371 4486 418 4492 --<
427 4480 1000 4492 m--m--u-o--w———o-v—

341 4640 347 4670 ¹
360 4640 620 4706 comparemueomua]
640 4640 725 4691 omnia
741 4653 810 4690 com·
891 4634 1064 4701 'eoaquoerid
1083 4634 1202 4699 eooequir,
1218 4633 1249 4683 Τ.

223 4724 228 4733 ’
307 4733 432 4782 paremur,
449 4719 481 4770 Τ.

397 4828 475 4877 VOL.
500 4829 521 4876 1.
1212 4821 1226 4868 Ι
