3586 5640
444 779 509 847 104
817 791 945 843 accam
967 791 1114 842 moerus
1405 774 1498 864 [cre.

443 966 510 1030 nisi
533 965 646 1052 logica,
663 987 737 1031 cum
761 986 828 1050 qua
853 964 1093 1052 comprehendo
1108 963 1364 1051 grammaticam.
1412 963 1499 1044 Quia

446 1068 611 1132 communi
642 1068 774 1132 nornine
804 1072 946 1153 utraque
975 1067 1081 1154 logica
1107 1066 1229 1131 dicitur
1240 1090 1250 1145 ;
1280 1066 1400 1146 idest,
1433 1088 1499 1130 ser·

445 1169 614 1235 mocinalis
644 1171 788 1235 scientia.
835 1169 924 1235 Nam
956 1171 1042 1256 λόγος
1073 1170 1161 1235 idem
1191 1175 1241 1236 est
1275 1169 1362 1255 quod
1390 1191 1499 1235 sermo

446 1273 482 1336 in
513 1295 579 1336 una
609 1271 853 1358 significatione.
901 1271 949 1336 Et
979 1271 1151 1338 Avioenna
1185 1272 1276 1353 dicit,
1307 1271 1343 1335 in
1373 1269 1496 1359 logica¹

446 1395 514 1452 sua,
533 1373 621 1458 quod
639 1374 781 1438 rusticus
796 1373 958 1439 Arabiam
979 1375 1040 1439 scit
1060 1373 1307 1460 grammaticam
1331 1395 1389 1460 per
1404 1381 1500 1438 natu-

446 1499 536 1555 ram;
559 1476 647 1560 quod
663 1480 800 1561 oportet,
817 1476 845 1540 si
860 1476 998 1561 logicam
1014 1477 1154 1541 sciamus
1169 1498 1228 1562 per
1248 1481 1412 1554 naturam,
1428 1498 1501 1561 quae

448 1578 609 1665 posterior
639 1583 698 1643 est.
753 1577 923 1643 Vocabula
953 1578 1041 1642 enim
1071 1579 1296 1665 grammaticae
1326 1584 1360 1644 et
1389 1579 1502 1666 logicae

449 1680 624 1760 discimus;
654 1680 711 1745 sed
738 1680 935 1744 naturaliter
962 1680 1081 1745 scimus
1111 1702 1307 1767 componere
1338 1683 1503 1748 orationes

450 1802 491 1846 ex
505 1781 714 1858 dictionibus,
730 1787 764 1846 et
779 1787 973 1868 argumenta
987 1805 1029 1848 ex
1044 1783 1330 1870 propositionibus.
1378 1783 1423 1848 Et
1443 1782 1504 1848 boc

450 1884 545 1950 docet
566 1884 790 1971 grammatica,
820 1889 856 1949 et
884 1884 998 1971 logica.

497 1987 667 2065 Praeterea,
685 1987 713 2051 si
728 1985 833 2073 logica
853 1987 992 2052 inventa
1006 1988 1051 2054 sit
1070 2010 1128 2076 per
1142 1989 1292 2055 studium
1312 1990 1502 2068 humanum,
1550 2058 1555 2068 ,

284 2145 301 2176 v
381 2151 390 2164 ,
452 2091 539 2156 sicut
559 2090 632 2156 aliae
652 2089 805 2168 scientiae,
822 2095 857 2155 et
877 2089 965 2156 haec⁹
987 2096 1038 2156 est
1060 2091 1100 2158 de
1116 2099 1318 2179 argumento,
1342 2099 1376 2159 et
1399 2093 1504 2158 omnis

452 2193 588 2259 scientia
614 2192 734 2280 probat
760 2214 834 2258 suas
864 2192 1085 2259 conclusiones
1112 2217 1172 2281 per
1196 2200 1400 2282 argumenta,
1428 2215 1505 2282 ergo

452 2301 530 2360 unte
545 2296 815 2361 constitutionem
830 2295 944 2382 logicae
968 2301 1083 2363 auctor
1096 2297 1241 2384 primus³
1259 2298 1357 2365 scivit
1372 2319 1506 2385 arguere

453 2403 488 2463 et
504 2398 637 2462 modum
659 2398 827 2485 arguendi,
843 2404 883 2463 ut
902 2398 1042 2486 logicam
1064 2400 1287 2487 investigaret,
1304 2407 1338 2467 et
1352 2400 1506 2488 probaret

453 2501 488 2564 in
518 2521 557 2565 ea
587 2523 660 2585 quae
689 2500 859 2586 probanda
893 2507 978 2567 sunt
1025 2500 1114 2590 Ergo
1136 2503 1205 2589 ipss
1237 2504 1336 2569 scivit
1369 2523 1505 2589 arguere

453 2610 631 2689 antequam
657 2602 787 2667 invenit
809 2609 1064 2691 argumentum
1091 2603 1181 2691 quod
1215 2609 1267 2670 est
1296 2603 1505 2691 impossibile,

455 2704 484 2768 si
508 2709 741 2792 argumentum
771 2709 822 2770 est
851 2705 957 2771 solum
983 2728 1025 2772 ex
1048 2706 1251 2772 inventione.
1298 2705 1506 2793 Quapropter

455 2807 592 2873 scientia
621 2807 662 2872 de
686 2808 887 2894 argumentis
920 2818 970 2874 est
995 2814 1076 2874 nota
1104 2808 1230 2874 homini
1259 2829 1317 2895 per
1342 2814 1504 2887 naturam,

454 2915 617 2996 quatenus
632 2933 690 2998 per
704 2933 777 2976 eam
788 2910 892 2998 possit
904 2910 1104 3000 investigare
1119 2931 1232 2976 omnes
1247 2910 1328 2975 alias
1342 2909 1503 2975 scientias.

455 3013 501 3078 Et
525 3014 584 3080 boc
609 3014 780 3080 manifeste
804 3013 923 3079 scimus
949 3035 1007 3100 per
1026 3013 1270 3100 experientiam.
1316 3011 1404 3077 Nam
1428 3010 1506 3076 licet

454 3117 556 3182 simus
594 3118 702 3183 edocti
740 3117 880 3205 logicam
909 3115 1098 3186 Aristotelis
1127 3116 1163 3180 in
1188 3115 1363 3202 arguendo,
1393 3121 1506 3181 tamen

454 3241 527 3283 cum
558 3225 736 3285 tractamus
776 3217 983 3284 difficultates
1019 3217 1159 3282 aliarum
1189 3218 1408 3297 scientiarum,
1439 3239 1506 3283 non

453 3322 696 3387 consideramus
718 3327 825 3388 artem
840 3319 1037 3398 Aristotelis,
1055 3319 1211 3406 quoniam
1232 3341 1300 3386 non
1322 3321 1441 3387 scimus
1463 3343 1507 3385 an

455 3423 592 3508 quaestio
613 3425 781 3510 proposita
796 3424 841 3488 sit
867 3421 1033 3509 problema
1056 3421 1097 3488 de
1114 3444 1232 3511 genere
1248 3423 1302 3489 vel
1324 3423 1437 3511 specie,
1453 3424 1509 3489 vel

456 3525 587 3612 aliquod
615 3527 715 3593 aliud.
764 3527 880 3612 Neque
903 3525 1021 3590 scimus
1048 3546 1115 3610 qua
1143 3526 1401 3593 consideratione
1432 3528 1508 3592 Ari·

456 3629 606 3692 stotelis⁴
638 3630 680 3693 ad
710 3629 768 3693 illa
789 3626 993 3715 problemata
1016 3632 1160 3710 utamur,
1186 3651 1246 3695 nec
1269 3631 1423 3696 sciremus
1449 3630 1510 3696 hoc

459 3729 610 3815 signare;
638 3737 808 3797 ettamen
834 3731 952 3796 scimus
979 3730 1067 3814 quod
1090 3731 1176 3796 beno
1198 3733 1375 3820 arguimus.
1421 3733 1509 3817 Ergo

457 3830 548 3896 aliud
575 3834 724 3919 regimen
748 3834 907 3922 arguendi
922 3831 1079 3899 habemus
1104 3856 1204 3920 quam
1224 3857 1282 3923 per
1305 3840 1409 3901 artem
1433 3833 1508 3897 Ari-

459 3934 585 3999 stotelis
619 3936 759 4016 datum;
801 3936 859 4000 sed
893 3957 960 4000 non
999 3941 1049 4002 est
1088 3937 1179 4003 aliud
1216 3959 1315 4023 quam
1345 3937 1507 4000 innatum.

460 4035 671 4123 Relinquitur
710 4039 816 4125 igitur
849 4038 937 4122 quod
967 4061 987 4102 a
1016 4045 1136 4104 natura
1175 4039 1295 4104 scimus
1315 4057 1459 4123 arguere,
1475 4041 1509 4101 et

459 4138 610 4204 similiter
665 4142 841 4206 dissolvere
886 4146 1081 4226 argumenta
1122 4162 1181 4227 per
1221 4139 1508 4225 interemptionem

459 4242 719 4326 propositionum
750 4245 915 4325 falsarum,
945 4249 980 4309 et
1010 4265 1067 4330 per
1090 4243 1286 4308 divisionem
1316 4247 1351 4306 et
1376 4241 1509 4306 distinc-

461 4439 707 4450 ...ο-...μ
1298 4445 1504 4454 —ae-ae—-n—

493 4567 499 4596 ¹
513 4567 602 4634 logico]
622 4569 638 4617 f.
652 4573 675 4618 3.
688 4584 709 4618 a.
723 4571 760 4620 ed.
776 4567 838 4620 Vcn.
851 4572 921 4621 1520.
1035 4574 1166 4643 'primrd
1185 4573 1262 4641 prius,
1279 4569 1309 4624 T.

494 4646 577 4713 Παῖς]
596 4649 651 4709 boc,
668 4649 698 4699 Β.
1035 4655 1204 4720 *AristotelirJ
1223 4653 1368 4719 Aristotele,
1387 4650 1416 4704 Τ.
