3294 5744
396 782 460 845 314
783 794 907 844 noosnr
933 795 1080 844 canorus

228 975 372 1028 Theelixir.
393 969 504 1054 aquila
533 969 644 1032 volare
674 969 785 1054 possit.
847 970 914 1032 Alii
946 991 1023 1033 vero
1054 968 1222 1034 aestimant
1249 969 1337 1054 quod
1364 992 1448 1056 opus

394 1072 439 1135 sit
476 1071 511 1134 in
549 1071 753 1150 resolutione,
781 1071 817 1133 in
855 1072 1033 1157 vaporibus
1063 1094 1223 1157 aquarum
1254 1072 1445 1152 calidamm,

394 1178 453 1238 aut
473 1174 650 1238 secundum
667 1173 755 1250 Rasi,
774 1178 811 1238 ut
833 1196 952 1259 supra3
978 1180 1012 1238 et
1035 1175 1096 1238 hoc
1118 1174 1318 1250 multotiens,
1344 1176 1447 1240 donec

394 1276 527 1361 optimae
557 1276 601 1339 sit
630 1275 890 1340 fermentationis
914 1278 1002 1360 quod
1040 1277 1192 1340 intendis,
1251 1275 1317 1340 Sed
1347 1278 1447 1341 multi

393 1378 531 1443 credunt
562 1378 650 1464 quod
676 1377 837 1464 congelari
868 1378 973 1457 debet,
1006 1383 1040 1442 et
1070 1379 1106 1441 in
1136 1377 1305 1462 pulverem
1332 1378 1446 1464 redigi.

394 1480 477 1546 Haec
499 1501 577 1544 vero
603 1501 699 1566 opera
722 1481 833 1543 omnia
856 1486 934 1544 sunt
957 1485 1069 1545 contra
1095 1480 1317 1545 intentionem
1341 1480 1447 1566 philo

392 1582 575 1668 sophorum,
615 1583 701 1647 sicut
746 1583 889 1645 maxime
927 1582 1036 1667 patet¹
1076 1606 1134 1669 per
1169 1583 1374 1647 Avicennam
1409 1584 1446 1647 in

392 1690 486 1748 sexto
503 1684 746 1770 Metaphysicae,
765 1691 798 1748 et
813 1685 918 1769 primo
942 1706 1000 1769 per
1016 1685 1088 1763 Ηο.,
1105 1691 1140 1748 et
1155 1707 1213 1770 per
1232 1685 1447 1750 Aristotelem

392 1786 497 1872 primo
521 1786 572 1849 De
595 1787 725 1861 Anima,
758 1791 792 1849 et
826 1792 919 1850 sexto
944 1787 994 1850 De
1025 1787 1241 1863 Animalibus
1273 1792 1307 1850 et
1337 1787 1446 1873 primo

393 1887 629 1973 Metaphysicae
664 1893 698 1952 et
726 1887 950 1973 Physicorum,
978 1894 1013 1951 et
1042 1888 1078 1949 in
1108 1888 1222 1953 multis
1253 1888 1327 1951 aliis
1357 1889 1445 1953 locis.

391 1988 489 2054 Prius
516 1995 567 2054 est
600 1989 812 2077 pulverisatio
839 2012 912 2053 eum
939 1989 1172 2075 congelatione,
1207 1983 1325 2054 deinde
1359 2013 1446 2056 reso·

391 2088 476 2156 lutio
517 2114 592 2156 cum
631 2092 824 2169 ascensione,
863 2095 896 2155 ct
937 2090 1150 2176 depressione,
1193 2097 1226 2156 et
1268 2091 1444 2157 incarcera-

391 2193 492 2273 tione,
522 2199 557 2258 et
593 2193 764 2258 mixtione.
822 2192 868 2258 Et
905 2197 1018 2278 postea
1056 2197 1105 2257 est
1144 2192 1332 2259 sublimatio
1370 2217 1446 2259 curn

392 2296 564 2361 attritione
591 2299 625 2359 ot
660 2295 917 2374 mortificatione,
947 2294 1064 2359 deinde
1099 2296 1248 2380 sequitur
1281 2298 1447 2384 conuptio

393 2394 465 2476 olei,
491 2397 544 2460 vel
571 2402 740 2482 separatur
762 2419 782 2460 a
804 2397 933 2483 spiritu,
961 2400 1000 2459 ut
1022 2402 1096 2483 post
1119 2397 1312 2463 intendatur
1337 2400 1447 2466 virtus

392 2499 494 2583 ignea
541 2496 628 2561 Nam
651 2503 726 2583 post
749 2498 817 2563 haec
840 2497 1045 2563 intendimus
1067 2499 1162 2564 calcis
1181 2501 1445 2587 propositionem,

393 2602 428 2665 ct
450 2598 514 2663 olei
537 2598 795 2675 distillationem,
818 2604 852 2665 et
875 2621 971 2686 aquae
997 2600 1241 2677 exaltationem,
1266 2605 1305 2666 ut
1326 2603 1446 2670 ultimo

393 2723 575 2788 quaeramus
597 2700 828 2767 resolutionem
859 2703 1010 2788 aprima
1037 2702 1072 2766 in
1100 2703 1283 2789 septimum,
1312 2708 1346 2768 et
1369 2727 1446 2770 con·

392 2804 575 2869 tentionem
607 2825 681 2868 cum
705 2803 793 2868 febre
816 2808 922 2868 acuta.
981 2803 1047 2882 Qui
1070 2827 1148 2869 vero
1173 2805 1242 2870 haec
1269 2805 1366 2871 sciret
1389 2806 1446 2871 ad-

392 2906 527 2992 implere
549 2906 686 2972 haberet
708 2904 905 2970 medicinam
929 2906 1116 2992 perfectam,
1140 2928 1239 2992 quam
1261 2907 1446 2994 philosophi
1515 2979 1524 2995 ‚

392 3013 513 3075 vocant
538 3008 666 3088 Etiam,
689 3030 763 3094 qum
782 3006 951 3095 immergit
982 3030 1016 3072 se
1042 3007 1078 3072 in
1101 3007 1285 3093 liquefacto,
1310 3014 1349 3074 ut
1368 3031 1444 3075 con·

392 3115 576 3177 sumeretur
601 3112 644 3176 ab
682 3112 767 3196 igne,
808 3131 868 3174 nec
905 3110 1042 3196 fugeret.
1108 3110 1173 3175 Sed
1203 3133 1262 3197 per
1290 3112 1444 3198 spiritum

392 3213 592 3279 occultatum
616 3213 652 3276 in
679 3212 829 3297 partibus
860 3211 1061 3287 animalium,
1087 3217 1121 3276 et
1148 3212 1304 3298 sulphure
1330 3219 1364 3279 et
1394 3237 1446 3280 ar-

392 3316 499 3380 senico
521 3314 735 3402 permiscetur
760 3312 826 3402 [se]
852 3335 926 3378 cum
950 3313 1110 3397 liquescit,
1128 3318 1161 3378 et
1184 3320 1340 3400 penetrat
1351 3316 1373 3396 ᾗ
1405 3323 1444 3381 ut

392 3415 587 3482 Aristoteles
621 3415 710 3493 dicit,
735 3417 841 3502 primo
870 3416 921 3479 De
948 3414 1175 3497 Generatione,
1204 3417 1292 3502 quod
1314 3418 1366 3483 hic
1393 3423 1444 3483 est

394 3519 482 3605 quod
504 3517 545 3583 de
567 3516 655 3582 facili
678 3517 799 3582 transit
833 3519 868 3581 in
896 3539 1026 3582 omnem
1049 3516 1199 3605 figuram,
1232 3524 1266 3584 et
1291 3525 1443 3605 penetrat

393 3621 510 3687 omnia
542 3620 588 3686 Et
610 3620 726 3708 figitur
748 3619 818 3687 haec
841 3619 1004 3684 medicina
1018 3641 1077 3705 per
1100 3620 1218 3686 calcem
1236 3643 1351 3701 suam;
1374 3645 1443 3687 cor-

392 3746 473 3810 pora
495 3746 575 3788 vero
605 3722 874 3788 mundificatione
904 3722 1063 3808 indigent,
1088 3727 1128 3787 ut
1150 3722 1321 3789 Avicenna
1341 3726 1442 3791 docet.

392 3824 482 3890 Nam
517 3826 612 3890 aliter
648 3825 810 3890 medicina
840 3847 907 3889 non
943 3830 1102 3909 operatur.
1157 3824 1222 3891 Sed
1258 3826 1443 3916 a[u]ctores

391 3928 473 3993 satis
499 3927 617 3993 docent
636 3926 824 4013 hujusmodi
847 3926 1151 3993 mundificationem
1166 3951 1224 4016 per
1247 3929 1440 4010 ablutiones,

391 4031 582 4107 curationes,
610 4034 645 4096 et
673 4030 787 4097 multe,
834 4030 879 4095 Et
899 4033 980 4095 tunc
1005 4030 1034 4093 si
1060 4030 1146 4096 libra
1167 4032 1338 4099 medicinae
1367 4056 1441 4121 pro·

387 4131 521 4219 jiciatur
536 4154 633 4218 super
655 4132 745 4197 mille
768 4132 896 4219 plumbi
912 4132 971 4198 fiet
993 4132 1172 4199 secundum
1187 4134 1370 4222 a[u]ctores
1385 4158 1441 4222 op

390 4233 511 4298 timum
533 4256 658 4299 aurum.
705 4234 770 4299 Sed
785 4233 813 4298 si
828 4234 1009 4320 elegantius
1024 4243 1193 4322 separetur
1207 4259 1322 4325 corpus
1336 4259 1441 4303 unum

391 4334 479 4400 inter
515 4338 666 4421 quatuor,
697 4339 733 4400 et
770 4336 963 4401 reducamus
1001 4336 1096 4402 illum
1134 4340 1176 4404 ad
1208 4341 1440 4428 aequalitatem,

425 4682 721 4791 'WJWMS
