<?xml version="1.0" encoding="UTF-8"?>
<!DOCTYPE html PUBLIC "-//W3C//DTD XHTML 1.0 Transitional//EN"
    "http://www.w3.org/TR/xhtml1/DTD/xhtml1-transitional.dtd">
<html xmlns="http://www.w3.org/1999/xhtml" xml:lang="en" lang="en">
 <head>
  <title>
</title>
<meta http-equiv="Content-Type" content="text/html;charset=utf-8" />
  <meta name='ocr-system' content='tesseract 3.04.00' />
  <meta name='ocr-capabilities' content='ocr_page ocr_carea ocr_par ocr_line ocrx_word'/>
</head>
<body>
  <div class='ocr_page' id='page_1' title='image "./operaqudamhacte00bacogoog_0275.png"; bbox 0 0 3586 5640; ppageno 0'>
   <div class='ocr_carea' id='block_1_1' title="bbox 308 747 1360 875">
    <p class='ocr_par' dir='ltr' id='par_1_1' title="bbox 308 747 1360 875">
     <span class='ocr_line' id='line_1_1' title="bbox 308 747 1360 875; baseline -0.004 -19"><span class='ocrx_word' id='word_1_1' title='bbox 308 788 417 875; x_wconf 74' lang='lat' dir='ltr'><strong>xum]</strong></span> <span class='ocrx_word' id='word_1_2' title='bbox 701 747 788 853; x_wconf 82' lang='lat' dir='ltr'><strong>oeus</strong></span> <span class='ocrx_word' id='word_1_3' title='bbox 811 800 971 852; x_wconf 84' lang='lat' dir='ltr'><strong>rnnrruu</strong></span> <span class='ocrx_word' id='word_1_4' title='bbox 1297 787 1360 852; x_wconf 82' lang='lat'><strong>159</strong></span> 
     </span>
    </p>
   </div>
   <div class='ocr_carea' id='block_1_2' title="bbox 304 976 1520 4454">
    <p class='ocr_par' dir='ltr' id='par_1_2' title="bbox 304 976 1361 1373">
     <span class='ocr_line' id='line_1_2' title="bbox 305 976 1361 1067; baseline -0.005 -21"><span class='ocrx_word' id='word_1_5' title='bbox 305 1003 365 1067; x_wconf 84' lang='lat' dir='ltr'><strong>per</strong></span> <span class='ocrx_word' id='word_1_6' title='bbox 398 998 516 1065; x_wconf 89' lang='lat' dir='ltr'><strong>corpus</strong></span> <span class='ocrx_word' id='word_1_7' title='bbox 549 976 729 1042; x_wconf 88' lang='lat' dir='ltr'><strong>adveniens</strong></span> <span class='ocrx_word' id='word_1_8' title='bbox 759 981 794 1042; x_wconf 89' lang='lat' dir='ltr'><strong>et</strong></span> <span class='ocrx_word' id='word_1_9' title='bbox 828 999 895 1042; x_wconf 90' lang='lat' dir='ltr'><strong>non</strong></span> <span class='ocrx_word' id='word_1_10' title='bbox 927 998 986 1063; x_wconf 93' lang='lat' dir='ltr'><strong>per</strong></span> <span class='ocrx_word' id='word_1_11' title='bbox 1027 976 1263 1063; x_wconf 88' lang='lat' dir='ltr'><strong>incorporeum,</strong></span> <span class='ocrx_word' id='word_1_12' title='bbox 1297 977 1361 1063; x_wconf 92' lang='lat' dir='ltr'><strong>ipsi</strong></span> 
     </span>
     <span class='ocr_line' id='line_1_3' title="bbox 304 1078 1360 1166; baseline -0.004 -18"><span class='ocrx_word' id='word_1_13' title='bbox 304 1084 420 1148; x_wconf 89' lang='lat' dir='ltr'><strong>dicunt</strong></span> <span class='ocrx_word' id='word_1_14' title='bbox 451 1080 540 1166; x_wconf 91' lang='lat' dir='ltr'><strong>quod</strong></span> <span class='ocrx_word' id='word_1_15' title='bbox 572 1080 641 1165; x_wconf 93' lang='lat' dir='ltr'><strong>ipse</strong></span> <span class='ocrx_word' id='word_1_16' title='bbox 673 1080 827 1156; x_wconf 84' lang='lat' dir='ltr'><strong>intendit,</strong></span> <span class='ocrx_word' id='word_1_17' title='bbox 861 1079 950 1165; x_wconf 93' lang='lat' dir='ltr'><strong>quod</strong></span> <span class='ocrx_word' id='word_1_18' title='bbox 982 1080 1018 1143; x_wconf 90' lang='lat' dir='ltr'><strong>in</strong></span> <span class='ocrx_word' id='word_1_19' title='bbox 1045 1079 1206 1164; x_wconf 92' lang='lat' dir='ltr'><strong>principio</strong></span> <span class='ocrx_word' id='word_1_20' title='bbox 1240 1078 1360 1144; x_wconf 87' lang='lat' dir='ltr'><strong>altera-</strong></span> 
     </span>
     <span class='ocr_line' id='line_1_4' title="bbox 304 1181 1361 1268; baseline -0.001 -18"><span class='ocrx_word' id='word_1_21' title='bbox 304 1185 406 1251; x_wconf 83' lang='lat' dir='ltr'>tionis</span> <span class='ocrx_word' id='word_1_22' title='bbox 428 1183 624 1249; x_wconf 77' lang='lat' dir='ltr'><strong>alimentum</strong></span> <span class='ocrx_word' id='word_1_23' title='bbox 647 1182 692 1248; x_wconf 88' lang='lat' dir='ltr'><strong>sit</strong></span> <span class='ocrx_word' id='word_1_24' title='bbox 715 1203 839 1268; x_wconf 85' lang='lat' dir='ltr'><strong>corpus,</strong></span> <span class='ocrx_word' id='word_1_25' title='bbox 863 1181 981 1248; x_wconf 87' lang='lat' dir='ltr'><strong>sedin</strong></span> <span class='ocrx_word' id='word_1_26' title='bbox 1003 1181 1124 1248; x_wconf 87' lang='lat' dir='ltr'><strong>unione</strong></span> <span class='ocrx_word' id='word_1_27' title='bbox 1147 1181 1218 1266; x_wconf 88' lang='lat' dir='ltr'><strong>ejus</strong></span> <span class='ocrx_word' id='word_1_28' title='bbox 1241 1181 1282 1249; x_wconf 87' lang='lat' dir='ltr'><strong>fit</strong></span> <span class='ocrx_word' id='word_1_29' title='bbox 1311 1183 1361 1249; x_wconf 90' lang='lat' dir='ltr'><strong>iu-</strong></span> 
     </span>
     <span class='ocr_line' id='line_1_5' title="bbox 305 1283 982 1373; baseline -0.007 -20"><span class='ocrx_word' id='word_1_30' title='bbox 305 1307 496 1373; x_wconf 87' lang='lat' dir='ltr'><strong>corporeum</strong></span> <span class='ocrx_word' id='word_1_31' title='bbox 519 1291 554 1350; x_wconf 89' lang='lat' dir='ltr'><strong>et</strong></span> <span class='ocrx_word' id='word_1_32' title='bbox 576 1283 764 1370; x_wconf 74' lang='lat' dir='ltr'>ingreditur</span> <span class='ocrx_word' id='word_1_33' title='bbox 786 1283 982 1350; x_wconf 86' lang='lat' dir='ltr'><strong>membrum.</strong></span> 
     </span>
    </p>

    <p class='ocr_par' dir='ltr' id='par_1_3' title="bbox 306 1386 1520 3836">
     <span class='ocr_line' id='line_1_6' title="bbox 352 1386 1512 1476; baseline 0.003 -22"><span class='ocrx_word' id='word_1_34' title='bbox 352 1390 419 1454; x_wconf 88' lang='lat' dir='ltr'><strong>Sed</strong></span> <span class='ocrx_word' id='word_1_35' title='bbox 440 1389 522 1454; x_wconf 89' lang='lat' dir='ltr'><strong>certi</strong></span> <span class='ocrx_word' id='word_1_36' title='bbox 545 1408 657 1452; x_wconf 90' lang='lat' dir='ltr'><strong>sumus</strong></span> <span class='ocrx_word' id='word_1_37' title='bbox 680 1387 768 1472; x_wconf 92' lang='lat' dir='ltr'><strong>quod</strong></span> <span class='ocrx_word' id='word_1_38' title='bbox 789 1386 987 1452; x_wconf 84' lang='lat' dir='ltr'><strong>Aristoteles</strong></span> <span class='ocrx_word' id='word_1_39' title='bbox 1020 1388 1064 1452; x_wconf 89' lang='lat' dir='ltr'><strong>ad</strong></span> <span class='ocrx_word' id='word_1_40' title='bbox 1096 1387 1227 1453; x_wconf 88' lang='lat' dir='ltr'><strong>literam</strong></span> <span class='ocrx_word' id='word_1_41' title='bbox 1257 1392 1359 1476; x_wconf 83' lang='lat' dir='ltr'><strong>negat</strong></span> <span class='ocrx_word' id='word_1_42' title='bbox 1372 1406 1512 1458; x_wconf 76' lang='lat' dir='ltr'><strong>Nomin-</strong></span> 
     </span>
     <span class='ocr_line' id='line_1_7' title="bbox 306 1475 1520 1578; baseline 0.001 -22"><span class='ocrx_word' id='word_1_43' title='bbox 306 1492 395 1578; x_wconf 92' lang='lat' dir='ltr'><strong>quod</strong></span> <span class='ocrx_word' id='word_1_44' title='bbox 417 1492 462 1556; x_wconf 90' lang='lat' dir='ltr'><strong>sit</strong></span> <span class='ocrx_word' id='word_1_45' title='bbox 484 1492 711 1576; x_wconf 88' lang='lat' dir='ltr'><strong>incorporeum</strong></span> <span class='ocrx_word' id='word_1_46' title='bbox 734 1489 822 1576; x_wconf 92' lang='lat' dir='ltr'><strong>quod</strong></span> <span class='ocrx_word' id='word_1_47' title='bbox 844 1488 944 1555; x_wconf 88' lang='lat' dir='ltr'><strong>debet</strong></span> <span class='ocrx_word' id='word_1_48' title='bbox 965 1488 1063 1570; x_wconf 91' lang='lat' dir='ltr'><strong>uniri,</strong></span> <span class='ocrx_word' id='word_1_49' title='bbox 1079 1490 1359 1578; x_wconf 79' lang='lat' dir='ltr'><strong>qualitercumque</strong></span> <span class='ocrx_word' id='word_1_50' title='bbox 1371 1475 1520 1540; x_wconf 65' lang='lat' dir='ltr'><strong>⁰⁰¹P⁰¹⁸⁸¹³</strong></span> 
     </span>
     <span class='ocr_line' id='line_1_8' title="bbox 306 1591 1361 1682; baseline 0.001 -24"><span class='ocrx_word' id='word_1_51' title='bbox 306 1595 469 1682; x_wconf 81' lang='lat' dir='ltr'><strong>glossatur</strong></span> <span class='ocrx_word' id='word_1_52' title='bbox 491 1597 606 1659; x_wconf 83' lang='lat' dir='ltr'><strong>textus</strong></span> <span class='ocrx_word' id='word_1_53' title='bbox 629 1591 710 1677; x_wconf 87' lang='lat' dir='ltr'><strong>ejus.</strong></span> <span class='ocrx_word' id='word_1_54' title='bbox 759 1591 846 1672; x_wconf 80' lang='lat' dir='ltr'><strong>Quia</strong></span> <span class='ocrx_word' id='word_1_55' title='bbox 868 1597 981 1657; x_wconf 88' lang='lat' dir='ltr'><strong>tamen</strong></span> <span class='ocrx_word' id='word_1_56' title='bbox 1004 1592 1074 1676; x_wconf 89' lang='lat' dir='ltr'><strong>ejus</strong></span> <span class='ocrx_word' id='word_1_57' title='bbox 1104 1594 1279 1659; x_wconf 73' lang='lat' dir='ltr'><strong>translatio</strong></span> <span class='ocrx_word' id='word_1_58' title='bbox 1310 1600 1361 1660; x_wconf 92' lang='lat' dir='ltr'><strong>est</strong></span> 
     </span>
     <span class='ocr_line' id='line_1_9' title="bbox 306 1694 1362 1784; baseline 0 -22"><span class='ocrx_word' id='word_1_59' title='bbox 306 1718 469 1784; x_wconf 87' lang='lat' dir='ltr'><strong>perversa,</strong></span> <span class='ocrx_word' id='word_1_60' title='bbox 494 1717 593 1781; x_wconf 87' lang='lat' dir='ltr'><strong>quam</strong></span> <span class='ocrx_word' id='word_1_61' title='bbox 623 1694 701 1760; x_wconf 88' lang='lat' dir='ltr'><strong>licet</strong></span> <span class='ocrx_word' id='word_1_62' title='bbox 723 1699 856 1780; x_wconf 89' lang='lat' dir='ltr'><strong>propter</strong></span> <span class='ocrx_word' id='word_1_63' title='bbox 887 1694 1120 1760; x_wconf 77' lang='lat' dir='ltr'><strong>obscuritatem</strong></span> <span class='ocrx_word' id='word_1_64' title='bbox 1150 1696 1362 1783; x_wconf 87' lang='lat' dir='ltr'><strong>interpretari</strong></span> 
     </span>
     <span class='ocr_line' id='line_1_10' title="bbox 307 1796 1362 1883; baseline 0.001 -20"><span class='ocrx_word' id='word_1_65' title='bbox 307 1798 487 1864; x_wconf 90' lang='lat' dir='ltr'><strong>secundum</strong></span> <span class='ocrx_word' id='word_1_66' title='bbox 510 1796 743 1862; x_wconf 89' lang='lat' dir='ltr'><strong>fortitudinem</strong></span> <span class='ocrx_word' id='word_1_67' title='bbox 766 1797 934 1862; x_wconf 88' lang='lat' dir='ltr'><strong>rationum</strong></span> <span class='ocrx_word' id='word_1_68' title='bbox 957 1818 1038 1883; x_wconf 86' lang='lat' dir='ltr'><strong>quas</strong></span> <span class='ocrx_word' id='word_1_69' title='bbox 1060 1797 1225 1876; x_wconf 89' lang='lat' dir='ltr'><strong>habemus,</strong></span> <span class='ocrx_word' id='word_1_70' title='bbox 1250 1800 1299 1864; x_wconf 90' lang='lat' dir='ltr'><strong>ita</strong></span> <span class='ocrx_word' id='word_1_71' title='bbox 1322 1805 1362 1864; x_wconf 90' lang='lat' dir='ltr'><strong>ut</strong></span> 
     </span>
     <span class='ocr_line' id='line_1_11' title="bbox 308 1898 1362 1986; baseline -0.001 -18"><span class='ocrx_word' id='word_1_72' title='bbox 308 1902 489 1968; x_wconf 77' lang='lat' dir='ltr'><strong>veraciores</strong></span> <span class='ocrx_word' id='word_1_73' title='bbox 504 1900 647 1965; x_wconf 91' lang='lat' dir='ltr'><strong>rationes</strong></span> <span class='ocrx_word' id='word_1_74' title='bbox 662 1905 741 1964; x_wconf 90' lang='lat' dir='ltr'><strong>sunt</strong></span> <span class='ocrx_word' id='word_1_75' title='bbox 756 1898 945 1984; x_wconf 84' lang='lat' dir='ltr'><strong>aliquando¹</strong></span> <span class='ocrx_word' id='word_1_76' title='bbox 959 1900 1068 1964; x_wconf 92' lang='lat' dir='ltr'><strong>minus</strong></span> <span class='ocrx_word' id='word_1_77' title='bbox 1083 1901 1275 1986; x_wconf 89' lang='lat' dir='ltr'><strong>probabiles,</strong></span> <span class='ocrx_word' id='word_1_78' title='bbox 1288 1903 1362 1967; x_wconf 92' lang='lat' dir='ltr'><strong>ideo</strong></span> 
     </span>
     <span class='ocr_line' id='line_1_12' title="bbox 307 2001 1365 2092; baseline 0.002 -24"><span class='ocrx_word' id='word_1_79' title='bbox 307 2025 366 2092; x_wconf 88' lang='lat' dir='ltr'><strong>par</strong></span> <span class='ocrx_word' id='word_1_80' title='bbox 388 2009 520 2070; x_wconf 83' lang='lat' dir='ltr'><strong>textum</strong></span> <span class='ocrx_word' id='word_1_81' title='bbox 542 2003 579 2066; x_wconf 92' lang='lat' dir='ltr'><strong>in</strong></span> <span class='ocrx_word' id='word_1_82' title='bbox 601 2001 662 2066; x_wconf 88' lang='lat' dir='ltr'><strong>hac</strong></span> <span class='ocrx_word' id='word_1_83' title='bbox 691 2007 786 2087; x_wconf 87' lang='lat' dir='ltr'><strong>parte</strong></span> <span class='ocrx_word' id='word_1_84' title='bbox 802 2023 870 2067; x_wconf 89' lang='lat' dir='ltr'><strong>non</strong></span> <span class='ocrx_word' id='word_1_85' title='bbox 896 2024 1068 2088; x_wconf 90' lang='lat' dir='ltr'><strong>possumus</strong></span> <span class='ocrx_word' id='word_1_86' title='bbox 1092 2025 1152 2068; x_wconf 92' lang='lat' dir='ltr'><strong>nos</strong></span> <span class='ocrx_word' id='word_1_87' title='bbox 1179 2003 1306 2088; x_wconf 89' lang='lat' dir='ltr'><strong>juvare,</strong></span> <span class='ocrx_word' id='word_1_88' title='bbox 1330 2011 1365 2070; x_wconf 92' lang='lat' dir='ltr'><strong>et</strong></span> 
     </span>
     <span class='ocr_line' id='line_1_13' title="bbox 309 2105 1363 2192; baseline 0 -21"><span class='ocrx_word' id='word_1_89' title='bbox 309 2107 384 2173; x_wconf 88' lang='lat' dir='ltr'><strong>ideo</strong></span> <span class='ocrx_word' id='word_1_90' title='bbox 408 2107 451 2172; x_wconf 89' lang='lat' dir='ltr'><strong>ad</strong></span> <span class='ocrx_word' id='word_1_91' title='bbox 473 2106 637 2172; x_wconf 90' lang='lat' dir='ltr'><strong>rationem</strong></span> <span class='ocrx_word' id='word_1_92' title='bbox 660 2105 901 2170; x_wconf 90' lang='lat' dir='ltr'><strong>recurrendum.</strong></span> <span class='ocrx_word' id='word_1_93' title='bbox 950 2105 1066 2170; x_wconf 89' lang='lat' dir='ltr'><strong>Dicam</strong></span> <span class='ocrx_word' id='word_1_94' title='bbox 1089 2105 1193 2192; x_wconf 86' lang='lat' dir='ltr'><strong>igitur</strong></span> <span class='ocrx_word' id='word_1_95' title='bbox 1215 2107 1363 2173; x_wconf 88' lang='lat' dir='ltr'><strong>siincor-</strong></span> 
     </span>
     <span class='ocr_line' id='line_1_14' title="bbox 309 2208 1363 2298; baseline -0.001 -23"><span class='ocrx_word' id='word_1_96' title='bbox 309 2232 445 2298; x_wconf 87' lang='lat' dir='ltr'><strong>poreum</strong></span> <span class='ocrx_word' id='word_1_97' title='bbox 468 2208 677 2296; x_wconf 78' lang='lat' dir='ltr'><strong>ingrediatur</strong></span> <span class='ocrx_word' id='word_1_98' title='bbox 700 2208 819 2273; x_wconf 86' lang='lat' dir='ltr'><strong>solidas</strong></span> <span class='ocrx_word' id='word_1_99' title='bbox 846 2213 964 2293; x_wconf 85' lang='lat' dir='ltr'><strong>partes,</strong></span> <span class='ocrx_word' id='word_1_100' title='bbox 988 2213 1067 2272; x_wconf 89' lang='lat' dir='ltr'><strong>tunc</strong></span> <span class='ocrx_word' id='word_1_101' title='bbox 1093 2230 1160 2273; x_wconf 92' lang='lat' dir='ltr'><strong>non</strong></span> <span class='ocrx_word' id='word_1_102' title='bbox 1191 2209 1254 2274; x_wconf 92' lang='lat' dir='ltr'><strong>erit</strong></span> <span class='ocrx_word' id='word_1_103' title='bbox 1284 2232 1363 2298; x_wconf 85' lang='lat' dir='ltr'><strong>aug-</strong></span> 
     </span>
     <span class='ocr_line' id='line_1_15' title="bbox 310 2311 1365 2399; baseline 0.001 -21"><span class='ocrx_word' id='word_1_104' title='bbox 310 2317 483 2392; x_wconf 88' lang='lat' dir='ltr'><strong>mentum;</strong></span> <span class='ocrx_word' id='word_1_105' title='bbox 507 2311 586 2398; x_wconf 93' lang='lat' dir='ltr'><strong>quia</strong></span> <span class='ocrx_word' id='word_1_106' title='bbox 609 2317 824 2397; x_wconf 78' lang='lat' dir='ltr'><strong>augmentum</strong></span> <span class='ocrx_word' id='word_1_107' title='bbox 840 2316 891 2376; x_wconf 88' lang='lat' dir='ltr'><strong>est</strong></span> <span class='ocrx_word' id='word_1_108' title='bbox 913 2311 1151 2377; x_wconf 86' lang='lat' dir='ltr'><strong>incrementum</strong></span> <span class='ocrx_word' id='word_1_109' title='bbox 1167 2314 1365 2399; x_wconf 79' lang='lat' dir='ltr'><strong>quantitatis</strong></span> 
     </span>
     <span class='ocr_line' id='line_1_16' title="bbox 311 2414 1364 2502; baseline 0.003 -22"><span class='ocrx_word' id='word_1_110' title='bbox 311 2415 512 2501; x_wconf 90' lang='lat' dir='ltr'><strong>corporalis;</strong></span> <span class='ocrx_word' id='word_1_111' title='bbox 557 2415 614 2480; x_wconf 88' lang='lat' dir='ltr'><strong>sed</strong></span> <span class='ocrx_word' id='word_1_112' title='bbox 651 2414 878 2500; x_wconf 90' lang='lat' dir='ltr'><strong>incorporeum</strong></span> <span class='ocrx_word' id='word_1_113' title='bbox 916 2436 983 2479; x_wconf 92' lang='lat' dir='ltr'><strong>non</strong></span> <span class='ocrx_word' id='word_1_114' title='bbox 1028 2414 1130 2481; x_wconf 90' lang='lat' dir='ltr'><strong>habet</strong></span> <span class='ocrx_word' id='word_1_115' title='bbox 1176 2416 1364 2502; x_wconf 91' lang='lat' dir='ltr'><strong>hujusmodi</strong></span> 
     </span>
     <span class='ocr_line' id='line_1_17' title="bbox 311 2517 1363 2605; baseline 0.003 -21"><span class='ocrx_word' id='word_1_116' title='bbox 311 2518 543 2604; x_wconf 80' lang='lat' dir='ltr'><strong>quantitatem,</strong></span> <span class='ocrx_word' id='word_1_117' title='bbox 562 2539 640 2603; x_wconf 88' lang='lat' dir='ltr'><strong>ergo</strong></span> <span class='ocrx_word' id='word_1_118' title='bbox 663 2517 746 2581; x_wconf 91' lang='lat' dir='ltr'><strong>nihil</strong></span> <span class='ocrx_word' id='word_1_119' title='bbox 768 2517 892 2583; x_wconf 83' lang='lat' dir='ltr'><strong>faceret</strong></span> <span class='ocrx_word' id='word_1_120' title='bbox 914 2518 957 2582; x_wconf 90' lang='lat' dir='ltr'><strong>ad</strong></span> <span class='ocrx_word' id='word_1_121' title='bbox 979 2524 1203 2605; x_wconf 84' lang='lat' dir='ltr'><strong>augmentum,</strong></span> <span class='ocrx_word' id='word_1_122' title='bbox 1223 2526 1257 2585; x_wconf 90' lang='lat' dir='ltr'><strong>et</strong></span> <span class='ocrx_word' id='word_1_123' title='bbox 1277 2527 1363 2586; x_wconf 89' lang='lat' dir='ltr'><strong>certe</strong></span> 
     </span>
     <span class='ocr_line' id='line_1_18' title="bbox 310 2619 1364 2708; baseline 0.002 -22"><span class='ocrx_word' id='word_1_124' title='bbox 310 2644 370 2688; x_wconf 90' lang='lat' dir='ltr'><strong>nec</strong></span> <span class='ocrx_word' id='word_1_125' title='bbox 394 2621 437 2686; x_wconf 89' lang='lat' dir='ltr'><strong>ad</strong></span> <span class='ocrx_word' id='word_1_126' title='bbox 459 2621 713 2686; x_wconf 86' lang='lat' dir='ltr'><strong>nutrimentum.</strong></span> <span class='ocrx_word' id='word_1_127' title='bbox 759 2619 849 2684; x_wconf 89' lang='lat' dir='ltr'><strong>Nam</strong></span> <span class='ocrx_word' id='word_1_128' title='bbox 872 2619 913 2686; x_wconf 91' lang='lat' dir='ltr'><strong>de</strong></span> <span class='ocrx_word' id='word_1_129' title='bbox 936 2621 1025 2686; x_wconf 85' lang='lat' dir='ltr'><strong>facili</strong></span> <span class='ocrx_word' id='word_1_130' title='bbox 1040 2623 1113 2707; x_wconf 87' lang='lat' dir='ltr'><strong>quis</strong></span> <span class='ocrx_word' id='word_1_131' title='bbox 1129 2623 1259 2703; x_wconf 87' lang='lat' dir='ltr'><strong>diceret,</strong></span> <span class='ocrx_word' id='word_1_132' title='bbox 1277 2625 1364 2708; x_wconf 92' lang='lat' dir='ltr'><strong>quod</strong></span> 
     </span>
     <span class='ocr_line' id='line_1_19' title="bbox 311 2723 1365 2809; baseline 0.002 -20"><span class='ocrx_word' id='word_1_133' title='bbox 311 2724 499 2790; x_wconf 90' lang='lat' dir='ltr'><strong>substantia</strong></span> <span class='ocrx_word' id='word_1_134' title='bbox 520 2723 578 2787; x_wconf 89' lang='lat' dir='ltr'><strong>illa</strong></span> <span class='ocrx_word' id='word_1_135' title='bbox 599 2724 789 2808; x_wconf 84' lang='lat' dir='ltr'><strong>incorporea</strong></span> <span class='ocrx_word' id='word_1_136' title='bbox 811 2723 968 2809; x_wconf 83' lang='lat' dir='ltr'><strong>recipitur</strong></span> <span class='ocrx_word' id='word_1_137' title='bbox 990 2723 1026 2788; x_wconf 91' lang='lat' dir='ltr'><strong>in</strong></span> <span class='ocrx_word' id='word_1_138' title='bbox 1049 2725 1240 2802; x_wconf 90' lang='lat' dir='ltr'><strong>membrum,</strong></span> <span class='ocrx_word' id='word_1_139' title='bbox 1260 2732 1294 2791; x_wconf 87' lang='lat' dir='ltr'><strong>at</strong></span> <span class='ocrx_word' id='word_1_140' title='bbox 1316 2749 1365 2792; x_wconf 93' lang='lat' dir='ltr'><strong>re·</strong></span> 
     </span>
     <span class='ocr_line' id='line_1_20' title="bbox 311 2825 1365 2912; baseline 0.001 -20"><span class='ocrx_word' id='word_1_141' title='bbox 311 2831 440 2892; x_wconf 86' lang='lat' dir='ltr'><strong>staurat</strong></span> <span class='ocrx_word' id='word_1_142' title='bbox 463 2825 724 2912; x_wconf 85' lang='lat' dir='ltr'><strong>deperditionem</strong></span> <span class='ocrx_word' id='word_1_143' title='bbox 747 2825 953 2902; x_wconf 77' lang='lat' dir='ltr'><strong>substantiae,</strong></span> <span class='ocrx_word' id='word_1_144' title='bbox 977 2827 1054 2891; x_wconf 89' lang='lat' dir='ltr'><strong>licet</strong></span> <span class='ocrx_word' id='word_1_145' title='bbox 1070 2848 1137 2890; x_wconf 93' lang='lat' dir='ltr'><strong>non</strong></span> <span class='ocrx_word' id='word_1_146' title='bbox 1160 2827 1299 2892; x_wconf 89' lang='lat' dir='ltr'><strong>sufficiat</strong></span> <span class='ocrx_word' id='word_1_147' title='bbox 1322 2829 1365 2893; x_wconf 88' lang='lat' dir='ltr'><strong>ad</strong></span> 
     </span>
     <span class='ocr_line' id='line_1_21' title="bbox 310 2927 1365 3017; baseline 0 -23"><span class='ocrx_word' id='word_1_148' title='bbox 310 2931 540 3017; x_wconf 90' lang='lat' dir='ltr'><strong>quantitatem.</strong></span> <span class='ocrx_word' id='word_1_149' title='bbox 587 2928 652 2995; x_wconf 83' lang='lat' dir='ltr'><strong>Sed</strong></span> <span class='ocrx_word' id='word_1_150' title='bbox 677 2927 850 2994; x_wconf 90' lang='lat' dir='ltr'><strong>dicendum</strong></span> <span class='ocrx_word' id='word_1_151' title='bbox 873 2933 924 2992; x_wconf 90' lang='lat' dir='ltr'><strong>est</strong></span> <span class='ocrx_word' id='word_1_152' title='bbox 947 2927 1035 3013; x_wconf 93' lang='lat' dir='ltr'><strong>quod</strong></span> <span class='ocrx_word' id='word_1_153' title='bbox 1057 2927 1135 2992; x_wconf 90' lang='lat' dir='ltr'><strong>licet</strong></span> <span class='ocrx_word' id='word_1_154' title='bbox 1154 2929 1189 2992; x_wconf 92' lang='lat' dir='ltr'><strong>in</strong></span> <span class='ocrx_word' id='word_1_155' title='bbox 1204 2930 1365 3015; x_wconf 87' lang='lat' dir='ltr'><strong>principio</strong></span> 
     </span>
     <span class='ocr_line' id='line_1_22' title="bbox 309 3029 1365 3120; baseline -0.003 -21"><span class='ocrx_word' id='word_1_156' title='bbox 309 3033 543 3120; x_wconf 86' lang='lat' dir='ltr'><strong>deperditionis</strong></span> <span class='ocrx_word' id='word_1_157' title='bbox 564 3032 609 3097; x_wconf 90' lang='lat' dir='ltr'><strong>sit</strong></span> <span class='ocrx_word' id='word_1_158' title='bbox 631 3030 736 3116; x_wconf 89' lang='lat' dir='ltr'><strong>major</strong></span> <span class='ocrx_word' id='word_1_159' title='bbox 751 3029 919 3116; x_wconf 86' lang='lat' dir='ltr'><strong>quantitas</strong></span> <span class='ocrx_word' id='word_1_160' title='bbox 934 3030 1038 3116; x_wconf 89' lang='lat' dir='ltr'><strong>partis</strong></span> <span class='ocrx_word' id='word_1_161' title='bbox 1053 3029 1248 3109; x_wconf 70' lang='lat' dir='ltr'><strong>nutriendae,</strong></span> <span class='ocrx_word' id='word_1_162' title='bbox 1265 3053 1365 3115; x_wconf 90' lang='lat' dir='ltr'><strong>quam</strong></span> 
     </span>
     <span class='ocr_line' id='line_1_23' title="bbox 311 3132 1365 3222; baseline -0.002 -21"><span class='ocrx_word' id='word_1_163' title='bbox 311 3136 382 3222; x_wconf 88' lang='lat' dir='ltr'><strong>ejus</strong></span> <span class='ocrx_word' id='word_1_164' title='bbox 404 3135 574 3222; x_wconf 87' lang='lat' dir='ltr'><strong>quantitas</strong></span> <span class='ocrx_word' id='word_1_165' title='bbox 596 3139 671 3220; x_wconf 92' lang='lat' dir='ltr'><strong>post</strong></span> <span class='ocrx_word' id='word_1_166' title='bbox 702 3132 921 3197; x_wconf 86' lang='lat' dir='ltr'><strong>nutritionem</strong></span> <span class='ocrx_word' id='word_1_167' title='bbox 952 3132 1082 3212; x_wconf 86' lang='lat' dir='ltr'><strong>factam,</strong></span> <span class='ocrx_word' id='word_1_168' title='bbox 1107 3133 1276 3197; x_wconf 89' lang='lat' dir='ltr'><strong>tamenin</strong></span> <span class='ocrx_word' id='word_1_169' title='bbox 1299 3134 1365 3199; x_wconf 88' lang='lat' dir='ltr'><strong>fine</strong></span> 
     </span>
     <span class='ocr_line' id='line_1_24' title="bbox 312 3234 1366 3324; baseline -0.003 -21"><span class='ocrx_word' id='word_1_170' title='bbox 312 3237 549 3324; x_wconf 84' lang='lat' dir='ltr'><strong>deperditionis</strong></span> <span class='ocrx_word' id='word_1_171' title='bbox 572 3243 622 3302; x_wconf 88' lang='lat' dir='ltr'><strong>est</strong></span> <span class='ocrx_word' id='word_1_172' title='bbox 644 3235 752 3300; x_wconf 91' lang='lat' dir='ltr'><strong>minor</strong></span> <span class='ocrx_word' id='word_1_173' title='bbox 775 3234 952 3320; x_wconf 89' lang='lat' dir='ltr'><strong>quantitas,</strong></span> <span class='ocrx_word' id='word_1_174' title='bbox 975 3255 1074 3319; x_wconf 91' lang='lat' dir='ltr'><strong>quam</strong></span> <span class='ocrx_word' id='word_1_175' title='bbox 1097 3234 1141 3300; x_wconf 88' lang='lat' dir='ltr'><strong>sit</strong></span> <span class='ocrx_word' id='word_1_176' title='bbox 1163 3241 1238 3321; x_wconf 89' lang='lat' dir='ltr'><strong>post</strong></span> <span class='ocrx_word' id='word_1_177' title='bbox 1259 3237 1366 3301; x_wconf 89' lang='lat' dir='ltr'><strong>nutri-</strong></span> 
     </span>
     <span class='ocr_line' id='line_1_25' title="bbox 313 3336 1366 3425; baseline 0 -19"><span class='ocrx_word' id='word_1_178' title='bbox 313 3348 469 3408; x_wconf 90' lang='lat' dir='ltr'><strong>mentum.</strong></span> <span class='ocrx_word' id='word_1_179' title='bbox 517 3339 604 3420; x_wconf 81' lang='lat' dir='ltr'><strong>Quia</strong></span> <span class='ocrx_word' id='word_1_180' title='bbox 635 3339 814 3404; x_wconf 90' lang='lat' dir='ltr'><strong>secundum</strong></span> <span class='ocrx_word' id='word_1_181' title='bbox 846 3336 930 3403; x_wconf 88' lang='lat' dir='ltr'><strong>haue</strong></span> <span class='ocrx_word' id='word_1_182' title='bbox 963 3337 1053 3402; x_wconf 90' lang='lat' dir='ltr'><strong>viam</strong></span> <span class='ocrx_word' id='word_1_183' title='bbox 1091 3359 1218 3425; x_wconf 88' lang='lat' dir='ltr'><strong>semper</strong></span> <span class='ocrx_word' id='word_1_184' title='bbox 1251 3341 1366 3407; x_wconf 87' lang='lat' dir='ltr'><strong>crescit</strong></span> 
     </span>
     <span class='ocr_line' id='line_1_26' title="bbox 312 3441 1366 3530; baseline -0.001 -22"><span class='ocrx_word' id='word_1_185' title='bbox 312 3465 389 3530; x_wconf 89' lang='lat' dir='ltr'><strong>pars</strong></span> <span class='ocrx_word' id='word_1_186' title='bbox 420 3442 557 3520; x_wconf 85' lang='lat' dir='ltr'><strong>nutrita,</strong></span> <span class='ocrx_word' id='word_1_187' title='bbox 581 3445 616 3506; x_wconf 91' lang='lat' dir='ltr'><strong>et</strong></span> <span class='ocrx_word' id='word_1_188' title='bbox 650 3444 886 3527; x_wconf 86' lang='lat' dir='ltr'><strong>augmentatur</strong></span> <span class='ocrx_word' id='word_1_189' title='bbox 917 3441 1097 3525; x_wconf 86' lang='lat' dir='ltr'><strong>quantitas,</strong></span> <span class='ocrx_word' id='word_1_190' title='bbox 1126 3445 1160 3506; x_wconf 88' lang='lat' dir='ltr'><strong>et</strong></span> <span class='ocrx_word' id='word_1_191' title='bbox 1189 3441 1230 3506; x_wconf 91' lang='lat' dir='ltr'><strong>fit</strong></span> <span class='ocrx_word' id='word_1_192' title='bbox 1261 3443 1366 3529; x_wconf 88' lang='lat' dir='ltr'><strong>major</strong></span> 
     </span>
     <span class='ocr_line' id='line_1_27' title="bbox 312 3542 1365 3632; baseline -0.001 -21"><span class='ocrx_word' id='word_1_193' title='bbox 312 3568 409 3632; x_wconf 89' lang='lat' dir='ltr'><strong>quam</strong></span> <span class='ocrx_word' id='word_1_194' title='bbox 434 3547 470 3610; x_wconf 90' lang='lat' dir='ltr'><strong>in</strong></span> <span class='ocrx_word' id='word_1_195' title='bbox 492 3544 557 3609; x_wconf 86' lang='lat' dir='ltr'><strong>fine</strong></span> <span class='ocrx_word' id='word_1_196' title='bbox 581 3543 824 3630; x_wconf 88' lang='lat' dir='ltr'><strong>deperditionis.</strong></span> <span class='ocrx_word' id='word_1_197' title='bbox 870 3542 937 3608; x_wconf 87' lang='lat' dir='ltr'><strong>Sed</strong></span> <span class='ocrx_word' id='word_1_198' title='bbox 967 3543 1029 3608; x_wconf 91' lang='lat' dir='ltr'><strong>hoc</strong></span> <span class='ocrx_word' id='word_1_199' title='bbox 1061 3566 1129 3609; x_wconf 92' lang='lat' dir='ltr'><strong>non</strong></span> <span class='ocrx_word' id='word_1_200' title='bbox 1155 3549 1264 3630; x_wconf 86' lang='lat' dir='ltr'><strong>potest</strong></span> <span class='ocrx_word' id='word_1_201' title='bbox 1293 3546 1365 3610; x_wconf 90' lang='lat' dir='ltr'><strong>ficri</strong></span> 
     </span>
     <span class='ocr_line' id='line_1_28' title="bbox 311 3645 1365 3734; baseline 0.001 -22"><span class='ocrx_word' id='word_1_202' title='bbox 311 3648 376 3712; x_wconf 90' lang='lat' dir='ltr'><strong>nisi</strong></span> <span class='ocrx_word' id='word_1_203' title='bbox 408 3669 466 3734; x_wconf 86' lang='lat' dir='ltr'><strong>per</strong></span> <span class='ocrx_word' id='word_1_204' title='bbox 496 3647 720 3732; x_wconf 87' lang='lat' dir='ltr'><strong>quantitatem</strong></span> <span class='ocrx_word' id='word_1_205' title='bbox 750 3645 970 3726; x_wconf 90' lang='lat' dir='ltr'><strong>nutrimenti;</strong></span> <span class='ocrx_word' id='word_1_206' title='bbox 1009 3667 1086 3733; x_wconf 87' lang='lat' dir='ltr'><strong>ergo</strong></span> <span class='ocrx_word' id='word_1_207' title='bbox 1123 3647 1365 3713; x_wconf 88' lang='lat' dir='ltr'><strong>nutrimentum</strong></span> 
     </span>
     <span class='ocr_line' id='line_1_29' title="bbox 312 3748 931 3836; baseline -0.002 -21"><span class='ocrx_word' id='word_1_208' title='bbox 312 3773 380 3832; x_wconf 80' lang='lat' dir='ltr'><strong>esse</strong></span> <span class='ocrx_word' id='word_1_209' title='bbox 401 3771 469 3814; x_wconf 90' lang='lat' dir='ltr'><strong>non</strong></span> <span class='ocrx_word' id='word_1_210' title='bbox 491 3754 600 3836; x_wconf 86' lang='lat' dir='ltr'><strong>potest</strong></span> <span class='ocrx_word' id='word_1_211' title='bbox 621 3770 679 3834; x_wconf 89' lang='lat' dir='ltr'><strong>per</strong></span> <span class='ocrx_word' id='word_1_212' title='bbox 699 3748 931 3834; x_wconf 90' lang='lat' dir='ltr'><strong>incorporeum.</strong></span> 
     </span>
    </p>

    <p class='ocr_par' dir='ltr' id='par_1_4' title="bbox 312 3850 1366 4454">
     <span class='ocr_line' id='line_1_30' title="bbox 359 3850 1366 3939; baseline 0.003 -22"><span class='ocrx_word' id='word_1_213' title='bbox 359 3853 494 3932; x_wconf 90' lang='lat' dir='ltr'><strong>lterum,</strong></span> <span class='ocrx_word' id='word_1_214' title='bbox 517 3852 649 3938; x_wconf 91' lang='lat' dir='ltr'><strong>penitus</strong></span> <span class='ocrx_word' id='word_1_215' title='bbox 680 3850 807 3915; x_wconf 90' lang='lat' dir='ltr'><strong>deletur</strong></span> <span class='ocrx_word' id='word_1_216' title='bbox 836 3851 906 3918; x_wconf 86' lang='lat' dir='ltr'><strong>haec</strong></span> <span class='ocrx_word' id='word_1_217' title='bbox 932 3850 1052 3938; x_wconf 91' lang='lat' dir='ltr'><strong>positio</strong></span> <span class='ocrx_word' id='word_1_218' title='bbox 1083 3872 1141 3937; x_wconf 90' lang='lat' dir='ltr'><strong>per</strong></span> <span class='ocrx_word' id='word_1_219' title='bbox 1177 3852 1246 3930; x_wconf 91' lang='lat' dir='ltr'><strong>hoc,</strong></span> <span class='ocrx_word' id='word_1_220' title='bbox 1278 3854 1366 3939; x_wconf 89' lang='lat' dir='ltr'><strong>quod</strong></span> 
     </span>
     <span class='ocr_line' id='line_1_31' title="bbox 312 3953 1364 4041; baseline 0.001 -21"><span class='ocrx_word' id='word_1_221' title='bbox 312 3960 433 4020; x_wconf 90' lang='lat' dir='ltr'><strong>natura</strong></span> <span class='ocrx_word' id='word_1_222' title='bbox 471 3953 628 4040; x_wconf 87' lang='lat' dir='ltr'><strong>supponit</strong></span> <span class='ocrx_word' id='word_1_223' title='bbox 665 3974 793 4040; x_wconf 83' lang='lat' dir='ltr'><strong>semper</strong></span> <span class='ocrx_word' id='word_1_224' title='bbox 830 3959 992 4039; x_wconf 87' lang='lat' dir='ltr'><strong>quantum</strong></span> <span class='ocrx_word' id='word_1_225' title='bbox 1030 3953 1065 4017; x_wconf 93' lang='lat' dir='ltr'><strong>in</strong></span> <span class='ocrx_word' id='word_1_226' title='bbox 1099 3954 1166 4018; x_wconf 87' lang='lat' dir='ltr'><strong>suis</strong></span> <span class='ocrx_word' id='word_1_227' title='bbox 1204 3956 1364 4041; x_wconf 87' lang='lat' dir='ltr'><strong>operibus.</strong></span> 
     </span>
     <span class='ocr_line' id='line_1_32' title="bbox 314 4055 1366 4146; baseline 0.003 -24"><span class='ocrx_word' id='word_1_228' title='bbox 314 4058 402 4122; x_wconf 91' lang='lat' dir='ltr'><strong>Nam</strong></span> <span class='ocrx_word' id='word_1_229' title='bbox 426 4056 575 4121; x_wconf 91' lang='lat' dir='ltr'><strong>inomni</strong></span> <span class='ocrx_word' id='word_1_230' title='bbox 598 4055 811 4142; x_wconf 84' lang='lat' dir='ltr'><strong>generatione</strong></span> <span class='ocrx_word' id='word_1_231' title='bbox 834 4056 990 4143; x_wconf 89' lang='lat' dir='ltr'><strong>supponit</strong></span> <span class='ocrx_word' id='word_1_232' title='bbox 1022 4056 1196 4122; x_wconf 88' lang='lat' dir='ltr'><strong>materiam</strong></span> <span class='ocrx_word' id='word_1_233' title='bbox 1218 4080 1366 4146; x_wconf 86' lang='lat' dir='ltr'><strong>corpora-</strong></span> 
     </span>
     <span class='ocr_line' id='line_1_33' title="bbox 312 4157 1365 4246; baseline 0.003 -21"><span class='ocrx_word' id='word_1_234' title='bbox 312 4160 386 4237; x_wconf 89' lang='lat' dir='ltr'><strong>lem,</strong></span> <span class='ocrx_word' id='word_1_235' title='bbox 403 4160 482 4245; x_wconf 91' lang='lat' dir='ltr'><strong>quia</strong></span> <span class='ocrx_word' id='word_1_236' title='bbox 504 4179 564 4223; x_wconf 91' lang='lat' dir='ltr'><strong>nec</strong></span> <span class='ocrx_word' id='word_1_237' title='bbox 588 4180 631 4223; x_wconf 88' lang='lat' dir='ltr'><strong>ex</strong></span> <span class='ocrx_word' id='word_1_238' title='bbox 653 4157 758 4223; x_wconf 91' lang='lat' dir='ltr'><strong>nihilo</strong></span> <span class='ocrx_word' id='word_1_239' title='bbox 780 4158 822 4223; x_wconf 89' lang='lat' dir='ltr'><strong>fit</strong></span> <span class='ocrx_word' id='word_1_240' title='bbox 842 4160 1021 4246; x_wconf 85' lang='lat' dir='ltr'><strong>generatio,</strong></span> <span class='ocrx_word' id='word_1_241' title='bbox 1038 4181 1098 4225; x_wconf 89' lang='lat' dir='ltr'><strong>nec</strong></span> <span class='ocrx_word' id='word_1_242' title='bbox 1113 4181 1156 4226; x_wconf 85' lang='lat' dir='ltr'><strong>ex</strong></span> <span class='ocrx_word' id='word_1_243' title='bbox 1178 4161 1365 4228; x_wconf 89' lang='lat' dir='ltr'><strong>substantia</strong></span> 
     </span>
     <span class='ocr_line' id='line_1_34' title="bbox 313 4260 1366 4350; baseline 0.005 -24"><span class='ocrx_word' id='word_1_244' title='bbox 313 4263 509 4347; x_wconf 88' lang='lat' dir='ltr'><strong>incorporea,</strong></span> <span class='ocrx_word' id='word_1_245' title='bbox 544 4283 603 4325; x_wconf 91' lang='lat' dir='ltr'><strong>nec</strong></span> <span class='ocrx_word' id='word_1_246' title='bbox 637 4260 737 4325; x_wconf 89' lang='lat' dir='ltr'><strong>etiam</strong></span> <span class='ocrx_word' id='word_1_247' title='bbox 760 4282 803 4325; x_wconf 85' lang='lat' dir='ltr'><strong>ex</strong></span> <span class='ocrx_word' id='word_1_248' title='bbox 825 4261 1012 4326; x_wconf 85' lang='lat' dir='ltr'><strong>substantia</strong></span> <span class='ocrx_word' id='word_1_249' title='bbox 1040 4285 1193 4350; x_wconf 89' lang='lat' dir='ltr'><strong>corporea</strong></span> <span class='ocrx_word' id='word_1_250' title='bbox 1224 4266 1260 4329; x_wconf 89' lang='lat' dir='ltr'><strong>in</strong></span> <span class='ocrx_word' id='word_1_251' title='bbox 1291 4268 1366 4331; x_wconf 91' lang='lat' dir='ltr'><strong>uni·</strong></span> 
     </span>
     <span class='ocr_line' id='line_1_35' title="bbox 314 4362 1365 4454; baseline 0.006 -26"><span class='ocrx_word' id='word_1_252' title='bbox 314 4363 442 4441; x_wconf 88' lang='lat' dir='ltr'><strong>versali,</strong></span> <span class='ocrx_word' id='word_1_253' title='bbox 467 4369 501 4429; x_wconf 88' lang='lat' dir='ltr'><strong>et</strong></span> <span class='ocrx_word' id='word_1_254' title='bbox 524 4362 681 4428; x_wconf 85' lang='lat' dir='ltr'><strong>absolute.</strong></span> <span class='ocrx_word' id='word_1_255' title='bbox 721 4363 808 4444; x_wconf 78' lang='lat' dir='ltr'><strong>Quia</strong></span> <span class='ocrx_word' id='word_1_256' title='bbox 830 4368 911 4442; x_wconf 90' lang='lat' dir='ltr'><strong>tunc</strong></span> <span class='ocrx_word' id='word_1_257' title='bbox 933 4364 1046 4429; x_wconf 83' lang='lat' dir='ltr'><strong>eoelum</strong></span> <span class='ocrx_word' id='word_1_258' title='bbox 1064 4373 1174 4452; x_wconf 89' lang='lat' dir='ltr'><strong>posset</strong></span> <span class='ocrx_word' id='word_1_259' title='bbox 1188 4369 1365 4454; x_wconf 64' lang='lat' dir='ltr'><strong>generare.2</strong></span> 
     </span>
    </p>
   </div>
   <div class='ocr_carea' id='block_1_3' title="bbox 313 4643 1226 4780">
    <p class='ocr_par' dir='ltr' id='par_1_5' title="bbox 313 4643 1226 4780">
     <span class='ocr_line' id='line_1_36' title="bbox 347 4643 1226 4780; baseline 0.005 -85"><span class='ocrx_word' id='word_1_260' title='bbox 347 4647 423 4696; x_wconf 78' lang='lat' dir='ltr'><strong>¹eune</strong></span> <span class='ocrx_word' id='word_1_261' title='bbox 440 4643 586 4712; x_wconf 75' lang='lat' dir='ltr'><strong>aliquando]</strong></span> <span class='ocrx_word' id='word_1_262' title='bbox 607 4645 740 4710; x_wconf 83' lang='lat' dir='ltr'><strong>aliquando</strong></span> <span class='ocrx_word' id='word_1_263' title='bbox 755 4653 820 4704; x_wconf 82' lang='lat' dir='ltr'><strong>sunt,</strong></span> <span class='ocrx_word' id='word_1_264' title='bbox 839 4652 843 4780; x_wconf 71' lang='grc' dir='ltr'>Ι</span> <span class='ocrx_word' id='word_1_265' title='bbox 888 4646 898 4675; x_wconf 85' lang='lat'>²</span> <span class='ocrx_word' id='word_1_266' title='bbox 908 4645 1037 4713; x_wconf 72' lang='lat' dir='ltr'><strong>yenerorc]</strong></span> <span class='ocrx_word' id='word_1_267' title='bbox 1056 4647 1178 4713; x_wconf 83' lang='lat' dir='ltr'><strong>generari,</strong></span> <span class='ocrx_word' id='word_1_268' title='bbox 1196 4648 1226 4699; x_wconf 88' lang='grc' dir='ltr'><strong>Τ.</strong></span> 
     </span>
     <span class='ocr_line' id='line_1_37' title="bbox 313 4725 394 4776; baseline -0.025 0"><span class='ocrx_word' id='word_1_269' title='bbox 313 4726 350 4776; x_wconf 84' lang='grc' dir='ltr'><strong>Β.</strong></span> <span class='ocrx_word' id='word_1_270' title='bbox 364 4725 394 4775; x_wconf 69' lang='lat' dir='ltr'><strong>Ia</strong></span> 
     </span>
    </p>
   </div>
   <div class='ocr_carea' id='block_1_4' title="bbox 0 0 1808 5640">
    <p class='ocr_par' dir='ltr' id='par_1_6' title="bbox 0 0 1808 5640">
     <span class='ocr_line' id='line_1_38' title="bbox 0 0 1808 5640; baseline 0 0"><span class='ocrx_word' id='word_1_271' title='bbox 0 0 1808 5640; x_wconf 95' lang='lat' dir='ltr'><strong> </strong></span> 
     </span>
    </p>
   </div>
  </div>
 </body>
</html>
