3294 5744
411 782 475 846 146
786 791 915 841 noenu
938 790 1082 840 mcorus
1375 774 1462 862 [cnr.

411 971 587 1056 aliquando
610 970 699 1036 enim
721 968 939 1048 terminetur;
976 988 1053 1053 ergo
1075 967 1115 1030 fit
1137 966 1174 1031 in
1196 970 1343 1052 tempore
1365 966 1462 1033 finito

411 1081 446 1140 et
478 1074 663 1141 terminato,
710 1071 775 1138 Sed
809 1071 884 1135 finis
915 1069 1071 1156 temporis
1104 1069 1147 1133 ob
1178 1090 1246 1133 una
1277 1074 1371 1156 perte
1393 1091 1462 1136 non

411 1181 462 1243 eet
484 1177 548 1241 nisi
570 1197 675 1254 unue;
699 1173 808 1239 ethic
830 1171 905 1236 finis
928 1177 978 1237 oet
997 1172 1132 1237 instans.
1179 1170 1267 1258 Ergo
1289 1173 1325 1236 in
1347 1172 1461 1258 hujus-

411 1279 501 1343 modi
534 1276 809 1343 transmutatione
846 1273 1037 1360 eomplende
1072 1295 1142 1338 non
1178 1275 1360 1359 reperietur
1396 1275 1462 1340 nisi

411 1403 514 1446 unum
548 1383 676 1446 instans
707 1401 728 1444 o
758 1383 852 1464 purte
883 1381 965 1463 post
1036 1374 1144 1456 Quare
1178 1376 1215 1440 in
1247 1392 1272 1441 Δ
1304 1381 1460 1463 tempore,

412 1505 486 1549 cum
523 1484 589 1548 fine
627 1503 696 1559 suo,
735 1481 793 1566 qui
830 1484 881 1545 est
918 1497 946 1557 0,
986 1478 1202 1564 complebitur
1238 1479 1316 1543 telis
1355 1485 1463 1545 trans-

412 1587 574 1666 muteti03
612 1585 669 1650 sed
698 1605 766 1648 non
796 1582 977 1668 completur
1006 1580 1240 1646 transmutatio
1270 1580 1336 1646 nisi
1363 1581 1460 1648 indu·

410 1693 504 1754 catur
533 1689 693 1753 terminus
715 1686 757 1751 ed
781 1706 885 1770 quem.
947 1683 1035 1770 Ergo
1058 1684 1143 1748 sicut
1165 1688 1256 1748 totus
1278 1687 1388 1748 motus
1410 1688 1462 1748 est

409 1791 446 1855 in
479 1796 552 1855 toto
583 1795 736 1875 tempore,
777 1787 823 1853 sic
861 1786 972 1852 subite
1006 1786 1208 1852 introductio
1246 1785 1381 1851 termini
1417 1786 1461 1851 ad

410 1915 508 1978 quem
530 1898 580 1958 est
602 1893 637 1955 in
659 1892 725 1956 fine
740 1889 905 1976 temporie,
921 1889 979 1973 qui
1002 1894 1052 1952 est
1076 1909 1179 1952 unum
1195 1888 1322 1952 instans
1338 1892 1372 1954 et
1393 1909 1460 1952 non

410 1997 484 2061 duo.
531 1996 576 2059 Et
598 1994 681 2058 illud
713 1993 801 2058 idem
832 1993 960 2056 instans
991 1997 1042 2056 est
1065 1990 1264 2076 principium
1295 1991 1462 2076 sequentis

409 2099 573 2184 temporie,
589 2097 625 2160 in
647 2118 711 2181 quo
733 2094 946 2160 continuatur
968 2114 1019 2157 ree
1041 2093 1103 2157 sub
1125 2093 1267 2158 termino
1289 2093 1331 2158 ad
1354 2114 1460 2178 quem,

405 2201 569 2286 ‘acquisito
592 2205 704 2264 tamen
727 2199 763 2261 in
786 2197 856 2282 ejus
879 2196 1038 2282 principio
1050 2219 1059 2272 ;
1099 2196 1177 2280 quie
1199 2201 1309 2261 totum
1331 2201 1462 2282 tempus

411 2325 432 2367 a
456 2302 616 2388 principio
646 2301 761 2365 mundi
793 2300 985 2364 continuum
1008 2302 1059 2363 est
1080 2303 1215 2384 propter
1237 2304 1363 2363 motum
1387 2299 1461 2364 coeli

411 2406 625 2479 continuum;
661 2407 695 2466 et
726 2401 800 2466 ideo
832 2423 900 2465 non
935 2406 1014 2466 sunt
1043 2401 1091 2465 ibi
1122 2401 1188 2465 duo
1219 2400 1381 2466 instantio
1403 2402 1461 2467 sed

411 2528 522 2582 unum,
556 2506 598 2570 ad
628 2505 715 2590 quod
743 2503 941 2590 'copulentur
974 2509 1084 2589 portes
1115 2505 1280 2590 temporis,
1315 2503 1378 2569 sibi
1411 2505 1463 2568 in-

411 2610 517 2673 vicem
547 2608 757 2672 succedentes
787 2628 845 2691 per
872 2606 1019 2671 ordinem
1043 2606 1112 2671 eine
1135 2606 1297 2671 divisione
1320 2608 1461 2687 ectue1i3

412 2713 497 2777 sicut
519 2715 628 2797 portes
651 2711 747 2774 linere
769 2710 867 2774 unius
889 2709 1084 2794 copulentur
1106 2710 1148 2774 ed
1168 2715 1327 2795 punctum
1349 2731 1461 2791 unum,

412 2821 447 2880 et
477 2815 513 2878 in
548 2809 603 2877 e0¹
628 2811 798 2876 uniuntur.
845 2810 890 2875 Et
922 2811 995 2875 ideo
1026 2833 1100 2876 eum
1123 2816 1268 2898 arguunt
1289 2812 1356 2877 sic:
1380 2813 1464 2879 uoci·

412 2918 524 3004 piatur
554 2915 709 2980 ultimum
740 2915 867 2978 instans
896 2913 933 2977 in
960 2935 1024 2999 quo
1047 2936 1099 2979 res
1122 2918 1172 2978 est
1194 2914 1257 2979 sub
1279 2915 1421 2981 termino
1443 2940 1464 2983 a
1583 2902 1589 2913 ⁶

412 3042 485 3106 quo,
510 3024 544 3084 et
566 3015 727 3104 primum²
749 3017 786 3080 in
809 3038 873 3101 quo
896 3038 947 3080 res
970 3021 1020 3081 est
1042 3017 1103 3081 sub
1126 3017 1267 3081 termino
1290 3018 1333 3083 ed
1355 3041 1461 3104 quem,

412 3143 479 3186 non
502 3125 612 3206 potest
635 3141 702 3184 esse
733 3120 821 3204 quod
850 3119 937 3183 idem
967 3119 1011 3183 sit
1041 3118 1188 3196 instans3
1223 3120 1302 3204 quin
1323 3125 1403 3185 tunc
1426 3121 1462 3186 in

413 3225 525 3289 eodem
549 3222 689 3288 instanti
719 3226 804 3286 esset
834 3243 884 3285 res
907 3220 1061 3286 simulet
1084 3222 1183 3286 semel
1206 3222 1462 3290 subcontrariis

412 3325 702 3410 dispositionibue3
741 3330 781 3389 ut
823 3322 922 3389 simul
959 3323 1035 3388 albe
1077 3328 1112 3389 et
1148 3346 1216 3389 non
1253 3324 1356 3407 elba;
1385 3348 1462 3414 ergo

412 3433 510 3492 erunt
544 3427 674 3491 diversa
703 3426 871 3492 instantia.
927 3424 993 3491 Sed
1023 3425 1112 3492 inter
1141 3427 1297 3512 quaelibet
1333 3427 1464 3495 diverse

412 3528 572 3594 instantia
610 3527 699 3594 cudit
735 3534 865 3613 tempus
903 3528 1073 3606 medium3
1117 3551 1194 3616 ergo
1232 3531 1295 3596 erit
1332 3535 1463 3617 tempus

412 3632 558 3697 medium
589 3631 625 3695 in
663 3652 727 3716 quo
764 3651 816 3695 res
853 3651 913 3696 nec
951 3635 1001 3696 est
1044 3631 1127 3709 elbo,
1177 3653 1238 3698 nec
1275 3654 1341 3697 non
1377 3633 1463 3713 elba,

412 3736 499 3821 quod
533 3738 583 3799 est
616 3732 815 3818 impossibile
827 3755 836 3813 ;
862 3738 897 3797 et
934 3731 1086 3798 similiter
1124 3735 1212 3819 quod
1242 3738 1371 3821 tempus
1400 3736 1464 3802 erit

412 3837 567 3913 medium,
592 3836 628 3899 in
651 3856 716 3921 quo
738 3855 844 3920 neque
867 3834 913 3899 sit
935 3835 1029 3921 ponis
1052 3857 1158 3920 neque
1183 3836 1308 3924 Corpus
1332 3837 1463 3905 Christi.

412 3938 556 4004 Solvunt
594 3938 667 4019 sic;
714 3937 802 4022 quod
843 3957 947 4001 unum
1002 3941 1052 4002 est
1101 3943 1230 4025 tempus
1293 3961 1464 4007 commune

413 4041 573 4119 omnibus,
605 4039 693 4124 quod
723 4038 873 4124 sequitur
894 4043 1022 4104 motum
1053 4040 1153 4122 0oe1i3
1187 4041 1252 4106 alic
1281 4048 1360 4109 sunt
1380 4047 1464 4111 tem·

412 4164 494 4228 poro
523 4142 655 4228 propria
684 4140 889 4226 cingulorum
919 4146 1070 4207 motuum
1108 4147 1142 4208 et
1179 4143 1383 4230 singularum
1413 4167 1463 4214 re-

412 4265 495 4320 rum,
526 4249 561 4309 et
590 4243 636 4308 sie
666 4247 803 4329 possunt
832 4245 927 4330 plura
952 4249 1102 4331 tempore
1131 4245 1230 4311 simul
1251 4269 1329 4329 esse,
1355 4254 1389 4314 et
1418 4250 1465 4317 sic
1524 4255 1526 4258 ’

413 4350 549 4432 possunt
579 4345 674 4430 pluro
703 4349 853 4431 temporo
884 4347 1069 4433 contigueri
1092 4348 1306 4430 adinvicem,
1338 4351 1373 4415 id
1404 4357 1462 4431 est,

414 4447 582 4511 succedere
620 4446 684 4510 sibi
722 4447 863 4512 invicem
890 4448 960 4512 sine
998 4450 1130 4531 medi03
1169 4457 1203 4516 ct
1233 4453 1302 4519 haec
1339 4453 1463 4521 habent

414 4547 544 4613 diverso
591 4547 751 4613 instantio
788 4549 851 4614 sibi
888 4551 998 4616 vicino
1042 4553 1113 4617 sinc
1159 4558 1304 4642 tempore
1346 4557 1461 4639 medie,

450 4797 457 4826 ¹
470 4794 509 4861 eo]
528 4810 585 4856 uuo,
603 4794 633 4846 T.
935 4796 940 4864 Ι
987 4798 998 4826 ²
1004 4798 1122 4866 primurn]
1141 4807 1187 4865 pm,
1201 4798 1231 4851 Is.
1312 4807 1316 4813 '
