3586 5640
323 815 385 904 vr]
655 833 889 886 murmurum
911 835 1036 888 srunu.
1306 823 1372 890 433

320 1030 430 1074 omnes
464 1009 627 1096 sapientes
650 1008 789 1096 antiqui,
813 1031 951 1094 querum
981 1011 1109 1098 aliquos
1143 1013 1298 1092 vidimus,
1330 1021 1370 1082 ut

317 1111 465 1196 praedixi.
506 1111 572 1177 Sed
595 1112 741 1177 moderni
764 1134 876 1177 omnes
898 1117 1020 1200 praeter
1041 1135 1160 1201 paucos
1183 1116 1369 1202 despiciunt

319 1213 378 1278 has
412 1215 564 1279 scientias
586 1219 621 1279 et
652 1214 756 1300 gratis
778 1221 1027 1301 persequuntur,
1051 1221 1086 1283 et
1108 1219 1252 1284 maxime
1275 1220 1368 1286 theo-

318 1316 385 1402 logi
411 1317 467 1381 isti
496 1318 584 1395 novi,
608 1317 731 1382 scilieet
757 1318 850 1405 pueri
873 1318 1013 1385 duorum
1035 1319 1196 1399 ordinum,
1222 1325 1261 1386 ut
1286 1322 1370 1388 sola·

317 1419 401 1482 tium
423 1440 489 1485 suae
512 1420 686 1506 imperitiae
715 1421 868 1499 habeant,
893 1424 926 1486 et
949 1443 1026 1486 suas
1056 1424 1235 1488 ostendant
1257 1446 1368 1490 coram
1392 1446 1394 1450 ’

318 1521 531 1586 multitudine
562 1522 667 1586 stulta
699 1522 873 1587 vanitates.
934 1522 981 1587 Et
1010 1523 1047 1586 in
1069 1523 1136 1587 suis
1159 1524 1366 1606 lectionibus,

318 1622 614 1706 praedicationibus,
637 1628 672 1689 et
701 1623 852 1701 consiliis,
876 1645 1004 1711 semper
1030 1625 1150 1690 docent
1172 1633 1286 1693 contra
1308 1629 1367 1695 has

316 1725 477 1804 scientias,
494 1729 528 1790 et
549 1728 655 1790 tetam
678 1725 881 1789 studentium
904 1731 1050 1792 mentem
1072 1735 1310 1796 revocaverunt
1324 1732 1367 1797 ab

317 1827 389 1892 istis
423 1827 575 1905 scientiis,
615 1832 649 1892 et
677 1827 751 1891 ideo
783 1831 896 1892 errant
934 1848 1008 1893 cum
1040 1830 1192 1896 omnibus
1226 1836 1296 1897 tam
1331 1833 1367 1898 in

315 1931 501 1995 substantia
523 1929 625 1994 studii
648 1950 747 2013 quam
769 1929 806 1993 in
828 1930 933 1995 modo.
997 1930 1043 1995 Et
1066 1931 1112 1996 sic
1134 1934 1220 2017 perit
1241 1934 1367 2019 primus

315 2032 435 2115 gradus
472 2031 650 2117 sapientiae,
679 2030 801 2096 scilicet
834 2034 875 2095 ut
917 2031 1141 2098 consideratur
1177 2034 1213 2098 in
1246 2035 1365 2114 stadie,

316 2138 477 2217 quatenus
511 2155 623 2197 omnes
660 2132 718 2196 alii
755 2133 877 2218 gradus
910 2134 1134 2215 destruantur,
1165 2136 1250 2202 sicut
1282 2138 1365 2203 infe·

315 2235 383 2298 rius
405 2235 476 2299 luce
507 2234 625 2298 clarius
661 2233 847 2300 relucescet.
910 2234 976 2301 Hae
1008 2257 1087 2302 vero
1117 2238 1262 2304 scientiae
1288 2244 1366 2304 sunt

314 2337 401 2401 iste:
438 2336 575 2402 scientia
610 2336 798 2422 linguamm
828 2337 1079 2424 sapientialium,
1123 2338 1364 2422 mathematica,

313 2439 523 2524 perspectiva,
547 2438 694 2519 alkimia,
718 2439 854 2504 scientia
885 2441 1159 2527 experimentalis.
1216 2441 1363 2522 Quarum

314 2541 465 2605 doctrina
500 2543 586 2607 sicut
620 2546 670 2606 est
703 2540 817 2606 utilior
850 2542 923 2607 aliis
958 2543 1110 2629 partibus
1149 2543 1363 2631 philosophiae

313 2644 359 2708 sic
391 2648 425 2708 et
461 2643 594 2720 facilior,
627 2644 705 2710 licet
736 2642 798 2709 hoc
830 2644 951 2710 nolunt
985 2645 1170 2732 intelligere
1203 2648 1361 2727 moderni,

312 2751 346 2811 et
369 2746 595 2813 difficultatem
626 2746 789 2833 recipiunt
810 2747 847 2811 in
868 2748 1022 2812 omnibus
1051 2748 1125 2812 aliis
1155 2749 1299 2815 scientiis
1329 2757 1364 2817 et

311 2871 460 2916 errorem.
519 2850 608 2916 Scire
630 2852 718 2915 enim
752 2849 817 2914 ista
839 2870 906 2915 non
939 2856 990 2914 est
1021 2848 1148 2935 pondus
1179 2872 1364 2936 aggravans

310 2953 367 3016 sed
389 2953 556 3032 allevians,
581 2951 667 3017 sicut
688 2952 810 3038 plumae
833 2951 946 3015 avium
961 2954 1048 3027 sunt,
1065 2949 1187 3033 quibus
1207 2951 1362 3036 depositis

311 3076 378 3118 non
410 3054 582 3120 elevantur
617 3053 652 3116 in
689 3059 770 3129 aere,
805 3057 840 3116 et
871 3052 956 3116 sicut
993 3049 1154 3136 quadriga
1185 3072 1259 3115 eum
1296 3073 1364 3136 qua

310 3178 412 3240 equus
435 3157 509 3241 plus
532 3154 572 3218 de
603 3155 745 3240 pondere
776 3153 882 3217 trahit
916 3173 1015 3238 quam
1046 3152 1082 3215 in
1112 3151 1208 3216 dorso
1230 3154 1361 3239 proprio

310 3258 393 3321 ferre
416 3257 527 3341 possit.
589 3255 634 3320 Et
668 3255 741 3319 ideo
772 3254 922 3319 homines
960 3253 1098 3319 scientes
1120 3255 1180 3319 has
1210 3254 1361 3321 scientias

310 3364 447 3443 possunt
470 3377 582 3422 omnes
616 3356 657 3421 de
690 3355 778 3421 facili
802 3356 893 3436 scire,
926 3360 961 3422 ct
991 3356 1064 3442 plus
1098 3356 1253 3443 proficere
1285 3379 1361 3444 pos·

310 3465 389 3524 stant
426 3459 462 3522 in
500 3479 602 3544 parvo
639 3463 785 3544 tempore
823 3458 859 3524 in
896 3458 971 3524 aliis
1009 3457 1161 3539 scientiis,
1186 3482 1285 3545 quem
1322 3461 1359 3526 in

310 3563 454 3627 maximo
477 3561 650 3646 proficiant
672 3561 742 3625 sine
764 3560 837 3626 illis.

355 3665 466 3729 Prima
497 3665 600 3751 igitur
637 3668 686 3728 est
717 3662 855 3728 scientia
890 3663 1080 3750 linguarum
1114 3662 1358 3749 sapientialium
1371 3679 1525 3734 Amountof

308 3792 329 3832 a
366 3768 486 3854 quibus
523 3771 596 3831 tota
635 3765 828 3830 Latinorum
873 3765 1038 3851 sapientia
1079 3765 1243 3830 translate
1285 3769 1336 3830 est
1350 3790 1358 3845 ;
1371 3749 1526 3877 ffissffl

306 3869 486 3955 cujusmodi
528 3872 606 3932 sunt
655 3867 813 3944 Graecum,
861 3866 1050 3947 Hebraeum,
1089 3866 1276 3944 Arabicum,
1323 3872 1357 3933 et
1467 3906 1479 3920 ·

309 3972 508 4039 Chaldaeum.
568 3969 647 4033 Non
684 3975 796 4034 tamen
834 3969 983 4056 intelligo
1020 3972 1060 4034 ut
1097 3969 1238 4054 quilibet
1274 3969 1357 4036 sciat
1370 3961 1473 4011 W*

307 4077 366 4141 has
401 4075 532 4161 linguas
566 4072 651 4137 sicut
685 4076 869 4136 maternam
907 4071 943 4134 in
978 4092 1045 4156 qua
1081 4075 1181 4135 natus
1219 4074 1280 4152 est,
1317 4078 1357 4138 ut

306 4202 365 4243 nos
396 4177 562 4261 loquimur
595 4173 779 4260 Anglieum,
813 4173 985 4252 Gallicum,
1020 4177 1055 4238 et
1085 4172 1265 4254 Latinum
1296 4195 1357 4240 nec

306 4288 345 4346 ut
380 4279 519 4344 aciamus
556 4281 688 4342 tantum
728 4274 768 4339 de
801 4274 852 4340 his
883 4274 1005 4360 linguis
1041 4279 1081 4340 ut
1119 4273 1259 4360 quilibet
1295 4275 1357 4342 fiat

306 4389 474 4470 interpres,
510 4387 545 4446 et
575 4379 749 4445 transferre
779 4378 883 4465 possit
920 4377 957 4442 in
993 4377 1140 4464 linguam
1172 4383 1355 4445 maternam

307 4487 460 4552 Latinam
509 4482 680 4548 scientiam
723 4482 764 4546 de
811 4481 934 4567 linguis
976 4479 1049 4546 illis
1120 4479 1187 4546 Sed
1235 4482 1355 4547 tertius

304 4589 425 4675 gravius
456 4586 509 4650 hic
540 4583 711 4670 eligendus
744 4586 804 4660 cst,
839 4583 897 4668 qui
927 4581 1101 4647 facillimus
1134 4585 1185 4647 est
1219 4581 1354 4647 habenti

305 4694 479 4767 doctorem,
503 4687 625 4754 scilicet
657 4690 697 4752 ut
730 4684 869 4751 sciamus
906 4684 948 4751 de
976 4683 1029 4748 his
1066 4689 1229 4770 quantum
1266 4682 1354 4749 suffi-

392 4818 467 4871 VOI..
491 4818 512 4870 1.
1106 4828 1109 4832 ’
1164 4814 1222 4861 H
