3586 5640
692 774 779 824 OPUS
801 775 960 824 rusulum

732 1082 812 1148 Car.
837 1079 917 1147 Lll.¹

349 1285 524 1350 Prnrlnus
545 1284 648 1371 igitur
677 1284 809 1350 musicae
842 1281 996 1363 inventis,
1025 1304 1196 1370 possumus
1224 1281 1358 1347 liberius
1370 1296 1512 1348 lumin

304 1389 507 1453 considerare
544 1385 707 1471 quomodo
744 1387 868 1450 musica
904 1391 955 1451 est
987 1387 1078 1450 utilis
1115 1386 1150 1449 in
1182 1384 1357 1472 Scriptura
1370 1363 1496 1494 mg

305 1489 394 1553 Nam
432 1489 460 1552 si
506 1488 547 1552 sd
585 1489 805 1553 instrumenta
842 1488 1083 1566 descendamus,
1127 1486 1261 1573 planum
1308 1490 1433 1552 estsere.

305 1590 394 1674 quod
431 1589 643 1655 abundanter
686 1590 896 1676 reperiuntur
932 1590 969 1653 in
1007 1589 1187 1675 Scriptura
1256 1587 1357 1654 Unde

306 1689 536 1759 Cassiodorus²
550 1692 607 1769 ait,
625 1692 797 1778 “decalogi
813 1691 1039 1771 decachordus,
1056 1691 1199 1756 tinnitus
1214 1690 1357 1771 citharae,

305 1801 324 1830 “
347 1799 516 1881 tympana,
543 1793 658 1881 organi
689 1793 838 1872 melodia,
861 1793 1087 1880 cymbalorum
1119 1815 1225 1872 sonus,
1249 1794 1357 1879 ipsum

305 1904 324 1933 ‘⁴
347 1918 477 1982 quoque
499 1896 690 1983 psalterium
713 1897 818 1962 instar
840 1896 1051 1962 instrumenti
1074 1896 1189 1961 musici
1210 1895 1360 1961 nomina·

305 2004 323 2034 “
347 2003 430 2078 tum,
446 2018 515 2063 non
538 1997 677 2063 dubium
700 1997 769 2063 est³
784 1997 866 2083 quin
881 1997 1002 2084 inipso
1026 1996 1233 2064 contineatur
1247 1996 1357 2063 coeles·

305 2109 323 2135 “
345 2101 432 2166 tium
447 2100 629 2165 virtutum⁴
644 2100 755 2165 suavis
776 2100 875 2164 nimis
897 2105 932 2165 et
948 2104 1045 2187 grata
1067 2098 1277 2165 modulati0.''
1322 2098 1359 2164 Si

304 2204 408 2291 igitur
430 2226 542 2269 rerum
565 2204 713 2269 omniurn
740 2203 960 2290 proprietates
983 2203 1198 2290 requinmtur
1220 2201 1360 2268 sciendus

304 2311 439 2393 propter
464 2328 595 2373 sensum
622 2304 794 2386 literalem,
818 2310 858 2370 ut
883 2327 942 2392 per
968 2305 1199 2371 convenientes
1223 2304 1358 2390 adapta·

304 2409 412 2474 tiones
427 2408 602 2474 eliciantur
616 2429 731 2473 sensus
746 2405 940 2494 spirituales,
956 2407 1135 2472 secundum
1151 2406 1239 2493 quod
1254 2406 1359 2472 sancti

305 2509 473 2575 decentet
489 2531 601 2575 omnes
615 2508 787 2596 sapientes,
798 2513 833 2575 et
844 2508 996 2574 videmus
1011 2508 1099 2595 quod
1114 2509 1185 2595 ipsa
1199 2508 1360 2596 expositio

305 2614 483 2703 Scriptum]
498 2614 560 2682 boc
582 2615 720 2700 requirit
731 2638 741 2697 3
764 2615 976 2680 manifestum
999 2621 1049 2680 est
1071 2614 1174 2702 igitur
1196 2616 1283 2700 quod
1303 2637 1359 2680 ne-

304 2739 406 2783 cessse
426 2723 477 2784 est
492 2723 532 2783 ut
547 2717 716 2804 expositor
734 2717 913 2804 Scripturas
933 2717 1097 2804 perfectus
1117 2717 1198 2781 sciat
1218 2716 1360 2803 proprie-

305 2824 392 2885 tates
414 2819 530 2884 hcrum
554 2819 860 2900 instrumentorum,
883 2824 918 2884 et
940 2817 1183 2883 harmoniarum
1207 2839 1280 2902 quae
1304 2839 1361 2904 per

305 2943 345 2986 ea
366 2927 569 2999 exercentur,
586 2926 750 3007 quatenus
772 2922 816 2986 ad
838 2921 969 2985 literam
991 2919 1167 2984 veritatem
1182 2917 1359 3005 Scripturas

305 3029 488 3109 cognoseat,
524 3029 558 3090 et
581 3029 621 3088 ut
644 3023 728 3088 sciat
750 3021 868 3088 elicere
890 3043 1003 3087 sensus
1026 3019 1221 3108 spirituales
1295 3019 1358 3086 Re-

306 3125 423 3210 spiciet
444 3123 549 3212 igitur
571 3124 736 3211 quomodo
760 3123 876 3204 Maria,
900 3145 989 3189 soror
1011 3123 1129 3210 Moysi,
1145 3144 1219 3188 cum
1234 3122 1360 3188 caeteris

305 3227 555 3313 tympanistriis,
591 3225 797 3314 percutiebat
831 3226 1052 3292 instrumenta
1088 3226 1243 3305 musicae3
1280 3246 1360 3311 quo·

305 3327 403 3393 modo
426 3328 559 3394 Debere
588 3333 624 3395 et
653 3334 779 3396 curterse
801 3329 1041 3417 tympanistria
1063 3351 1184 3410 sacrae3
1218 3328 1361 3416 qualiter

307 3429 420 3496 David
447 3429 616 3518 propheta,
653 3436 688 3496 et
722 3432 832 3499 coeteri
871 3431 1050 3499 citharistes
1087 3437 1122 3497 et
1167 3432 1359 3520 organistae:

306 3538 345 3598 ut
383 3532 481 3597 simul
520 3555 595 3598 curn
633 3553 746 3598 eorum
783 3535 881 3600 litera
919 3535 1089 3600 intellecta
1125 3535 1280 3599 ascendat
1324 3535 1360 3597 in

307 3634 545 3699 sublimitatem
583 3656 738 3700 sensuum
773 3635 1004 3722 spiritualium,
1036 3640 1070 3700 et
1103 3635 1217 3700 laudet
1246 3635 1359 3698 Domi-

306 3733 409 3800 num⁶
431 3736 467 3800 in
489 3741 659 3822 tympano,
683 3741 719 3800 et
741 3737 847 3815 choro,
872 3733 928 3802 et⁰
955 3735 1091 3815 chordis,
1116 3741 1150 3801 et
1172 3757 1302 3820 organo,
1326 3741 1361 3800 et

306 3838 341 3901 in
376 3837 535 3922 cymbalis
566 3838 651 3903 bene
682 3837 885 3917 sonantibus,
917 3843 952 3902 et
982 3837 1107 3903 caeteris
1136 3836 1361 3922 spiritualibus

305 3939 542 4004 instrumentis.
598 3939 644 4003 Et
674 3939 701 4003 si
732 3938 810 4025 ipse,
845 3939 955 4004 animo
985 3939 1021 4002 in
1054 3943 1178 4004 aeterna
1211 3959 1360 4026 supenso,

304 4060 372 4105 non
409 4040 513 4127 possit
550 4040 602 4106 his
640 4040 870 4107 instrumentis
905 4041 966 4121 uti,
1005 4045 1101 4106 vocet
1136 4041 1252 4105 saltem
1286 4063 1360 4107 cum

340 4372 346 4405 ¹
362 4374 424 4425 Cir.
443 4371 499 4438 ar]
519 4369 583 4422 Cer.
596 4368 759 4429 u1x.B.‚but
773 4369 807 4420 all
854 4440 855 4444 Ἰ
891 4365 1008 4419 ’dubiam
1018 4365 1067 4433 m]
1086 4373 1124 4418 est
1133 4361 1245 4424 dubium,
1257 4361 1288 4414 Τ.

309 4453 378 4503 these
395 4452 516 4502 divisium
532 4449 562 4501 of
584 4447 706 4516 Chapters
722 4462 764 4500 cre
780 4449 807 4499 in
892 4450 900 4478 ⁴
912 4446 1036 4500 calatium
1049 4445 1175 4512 virtutum]
1195 4461 1243 4496 ona
1255 4443 1285 4495 T.

307 4533 437 4582 amodern
454 4529 531 4580 hand.
892 4527 902 4556 ⁸
913 4525 1057 4593 Dominum]
1076 4526 1167 4587 Deum,
1179 4525 1211 4576 Τ.

338 4611 348 4640 ²
363 4608 537 4674 Cartiman]
551 4607 711 4670 DeArtlbus,
720 4621 774 4675 cap.
783 4624 808 4660 v.
892 4607 948 4674 Ἢ]
967 4607 1003 4669 in,
1015 4607 1046 4658 Τ.
