3586 5640
447 762 512 827 366
825 774 953 825 noorm
975 774 1121 826 mcorrs

446 942 615 1007 materiale
637 941 821 1029 principum
844 942 988 1007 divisum
1011 952 1126 1009 contro
1152 944 1299 1009 formam.
1357 944 1403 1011 Et
1425 945 1501 1011 ideo

447 1067 520 1110 oum
543 1046 612 1111 sine
634 1045 740 1109 formo
761 1067 829 1109 non
851 1050 960 1131 potest
982 1047 1054 1111 fieri
1081 1049 1306 1133 compositum,
1330 1051 1411 1113 tuno
1438 1070 1500 1113 noo

447 1147 967 1223 duoelementa,11eesimiliter
1000 1154 1150 1233 quotuor,
1175 1172 1235 1215 neo
1261 1149 1414 1235 quinque,
1439 1172 1500 1217 nec

446 1248 572 1334 aliquot
609 1249 736 1314 faciunt
774 1249 1014 1335 compositum
1062 1251 1140 1335 quio
1179 1252 1351 1335 quodlibet
1385 1272 1499 1317 eorum

446 1351 548 1417 habet
561 1352 723 1417 rationem
738 1352 919 1416 materia-iis
934 1352 1086 1439 principii
1099 1377 1108 1434 ;
1131 1353 1167 1417 id
1187 1360 1245 1432 est,
1259 1354 1333 1419 dure
1347 1355 1499 1421 materian

447 1476 513 1517 non
535 1456 657 1519 facient
679 1476 790 1532 mrum,
815 1476 875 1519 noo
906 1460 981 1531 tres,
1013 1476 1073 1519 neo
1102 1461 1248 1541 quatuor
1276 1477 1337 1521 neo
1366 1456 1498 1542 plures3

446 1557 503 1621 sed
536 1561 666 1642 oportet
699 1556 788 1642 quod
819 1556 924 1621 formo
957 1555 1107 1622 addatur.
1154 1557 1219 1623 Sed
1250 1558 1329 1643 quio
1359 1559 1500 1623 materia

446 1663 497 1723 est
520 1658 585 1723 olio
619 1680 677 1744 per
708 1659 884 1723 essentiam
915 1680 936 1721 o
956 1657 1105 1742 quolibet
1136 1658 1250 1738 formo,
1275 1669 1316 1738 et,
1339 1665 1379 1725 ut
1402 1659 1499 1725 dooet

446 1762 584 1847 septimo
619 1761 918 1847 Metaphysioomm
940 1761 978 1825 in
998 1760 1168 1846 principio,
1200 1761 1414 1826 manifestum
1447 1766 1500 1827 est

446 1863 535 1949 quod
548 1886 623 1929 oum
646 1863 726 1929 dicit
748 1863 836 1948 quod
858 1862 963 1927 formo
984 1863 1155 1949 compositi
1170 1863 1225 1927 vel
1240 1863 1340 1927 mixti
1362 1884 1431 1929 non
1453 1865 1499 1930 sit

446 1964 654 2045 elementmn‚
688 1986 749 2031 neo
779 1987 823 2031 ex
854 1964 1033 2042 elementis,
1057 1964 1114 2029 sed
1146 1971 1196 2030 est
1230 1970 1351 2031 notura
1381 1966 1500 2032 addito

446 2072 502 2151 eis,
526 2073 650 2158 optime
673 2071 774 2151 dioit;
795 2071 832 2135 id
855 2076 912 2148 est
928 2070 1034 2135 formo
1053 2072 1224 2157 compositi
1239 2092 1307 2136 non
1321 2077 1372 2138 est
1386 2073 1498 2158 aliquo

446 2174 486 2239 de
519 2176 668 2260 partibus
702 2174 758 2254 roi,
782 2196 842 2239 neo
873 2173 1052 2259 oomposita
1084 2194 1126 2237 ex
1159 2174 1309 2259 portibus
1342 2175 1417 2256 illis,
1439 2175 1498 2241 sed

446 2282 497 2341 est
530 2278 596 2341 aiio
629 2300 687 2363 por
716 2276 891 2341 essentiam
928 2298 949 2339 a
974 2274 1114 2339 materia
1147 2281 1182 2339 et
1226 2276 1377 2361 portibus
1418 2279 1496 2342 suis.

447 2378 493 2442 Et
526 2380 600 2443 ideo
631 2400 699 2443 non
732 2379 880 2463 loquitur
910 2377 1022 2441 ibide
1048 2377 1218 2442 elementis
1257 2378 1310 2443 his
1345 2384 1497 2464 quatuor,

448 2502 522 2565 quae
550 2485 630 2544 sunt
652 2486 749 2559 term,
772 2484 840 2556 eto,
864 2480 922 2543 sed
945 2479 985 2543 de
1012 2479 1192 2559 elementis,
1215 2479 1251 2545 id
1274 2486 1324 2546 est
1347 2482 1498 2566 portibus

446 2582 602 2659 misterio,
627 2582 704 2667 quio
727 2582 889 2646 elemento
910 2585 1008 2645 voest
1030 2583 1205 2647 materiam
1236 2581 1293 2663 ibi,
1316 2584 1496 2649 seeundum

445 2683 672 2749 definitionem
695 2684 850 2749 elementi
873 2705 972 2769 quam
994 2684 1086 2768 prius
1109 2685 1201 2749 dedit
1225 2685 1366 2750 secundo
1390 2686 1498 2751 Meto-

444 2786 677 2872 physioorum3
703 2808 763 2851 neo
778 2788 881 2874 igitur
895 2786 938 2851 od
953 2785 1156 2872 propositum
1179 2792 1230 2851 est
1251 2787 1334 2851 illud
1356 2789 1496 2853 verbum

444 2890 632 2954 Aristotelis
655 2890 691 2954 in
713 2890 780 2954 fine
807 2889 948 2977 septimi,
974 2889 1126 2973 quamvis
1149 2893 1242 2953 totus
1267 2891 1387 2977 vulgus
1409 2896 1499 2955 erret

442 2991 479 3055 in
501 2992 563 3056 hoo
585 2993 662 3058 loeo
771 3044 772 3048 ,

489 3095 652 3181 Exposita
681 3095 784 3182 igitur
821 3093 986 3159 sententio
1023 3092 1211 3157 Aristotelis
1249 3095 1285 3159 in
1322 3094 1388 3161 fine
1425 3118 1498 3181 sep·

443 3198 527 3277 timi,
551 3199 649 3262 redeo
672 3199 715 3263 ad
737 3199 932 3263 solutionem
953 3196 1142 3281 quaestionis
1165 3198 1360 3284 principalis
1406 3197 1496 3262 Nam

443 3321 517 3363 cum
541 3301 661 3364 dieitur
695 3302 782 3385 quod
811 3301 957 3364 medium
979 3321 1045 3362 non
1068 3304 1118 3362 est
1149 3300 1213 3362 nisi
1247 3322 1291 3364 ex
1324 3302 1496 3365 contrariis

443 3402 592 3479 concedo
616 3407 650 3466 et
682 3402 771 3487 quod
801 3410 930 3467 natmm
962 3402 1037 3465 dum
1068 3399 1185 3465 medias
1219 3402 1287 3466 sint
1320 3403 1356 3466 in
1378 3403 1493 3481 mixto

443 3505 522 3590 quio
566 3510 686 3568 rra-turo
722 3504 832 3568 medio
868 3505 958 3568 inter
1006 3502 1148 3568 mlidum
1185 3507 1220 3567 et
1255 3504 1423 3590 frigidmm
1461 3510 1496 3570 et

443 3609 548 3672 altero
591 3609 681 3671 inter
731 3607 904 3672 humidum
950 3611 984 3670 et
1028 3607 1155 3670 siceum.
1225 3604 1271 3670 Et
1315 3607 1381 3672 illae
1419 3608 1494 3674 dum

446 3717 576 3775 naturae
597 3732 665 3775 non
687 3716 766 3774 sunt
798 3708 978 3787 contrariis,
1013 3730 1072 3771 neo
1097 3709 1142 3771 sit
1168 3707 1280 3792 aliquo
1305 3710 1414 3773 medio
1438 3731 1496 3773 seu

445 3813 554 3877 mixta
576 3814 619 3878 ab
642 3814 696 3879 eis.
742 3813 808 3877 Sed
831 3819 943 3876 tamen
965 3810 1108 3874 mixtum
1135 3811 1198 3875 erit
1227 3833 1331 3875 unum
1358 3812 1400 3875 ab
1427 3832 1495 3875 una

445 3914 577 3979 illarum
600 3921 801 3993 naturarum,
819 3915 898 3999 quio
919 3918 1041 3976 natum
1062 3911 1187 3977 media¹
1214 3913 1312 3977 calidi
1335 3920 1369 3977 et
1384 3912 1498 3998 frigidi

445 4022 495 4081 est
528 4019 671 4082 nobilior
705 4023 739 4082 et
772 4016 907 4081 fortior²
935 4021 1055 4079 natura
1086 4016 1163 4079 sicci
1194 4021 1228 4081 ot
1261 4016 1400 4079 humidi.
1447 4015 1494 4079 Et

444 4120 517 4183 ideo
551 4126 673 4184 notum
706 4121 780 4185 sicci
815 4124 849 4184 et
883 4118 1011 4183 humidi
1043 4123 1093 4183 est
1127 4118 1307 4183 materialis
1345 4122 1494 4205 respectu

443 4221 588 4302 alterius,
612 4224 735 4287 seilicet
765 4229 895 4288 naturae
925 4221 1042 4286 modim
1073 4221 1169 4284 calidi
1200 4226 1235 4285 et
1265 4221 1385 4307 frigidi,
1409 4221 1494 4285 sieut

442 4326 582 4388 materia
603 4326 647 4389 ad
669 4327 809 4391 formam
831 4331 871 4390 ut
893 4325 954 4389 fiat
976 4344 1081 4388 unum
1097 4345 1139 4388 ex
1160 4323 1236 4404 iliis,
1258 4329 1293 4389 et
1308 4328 1359 4388 est
1373 4329 1496 4389 natum

476 4602 483 4631 ¹
501 4600 592 4669 media]
604 4602 693 4662 medio,
705 4601 762 4653 MS.
1022 4601 1032 4629 ²
1036 4599 1143 4665 sortior]
1162 4599 1291 4653 formolior
1306 4599 1333 4648 in
1350 4598 1415 4660 MS„
1437 4614 1492 4649 cor-

989 4679 1074 4728 rected
1084 4678 1111 4727 in
1122 4693 1202 4745 marg.
