3586 5640
307 787 431 874 nxxrr]
701 803 790 854 oros
811 800 973 855 rnarrom
1290 785 1356 858 297

305 978 421 1055 labem,
446 1001 544 1065 quam
568 980 729 1066 paulatim
754 981 795 1046 de
820 981 961 1067 pudenti
991 1000 1029 1044 ac
1054 979 1202 1044 modesta
1231 978 1523 1071 musicaImporance

303 1079 479 1147 invertere.
534 1083 658 1147 Statim
688 1081 777 1147 enirn
807 1083 934 1148 animos
968 1081 1174 1147 audientium
1205 1081 1286 1168 pati,
1316 1058 1489 1146 ac⁰s¹¹¹¹¹⁸¹⁰·

306 1184 468 1268 paulatim
506 1185 678 1263 discedere,
711 1185 840 1250 nullum
871 1185 1001 1250 honesti
1032 1205 1069 1250 ae
1101 1185 1183 1250 recti
1212 1185 1354 1250 retinere

306 1286 494 1372 vestigium,
528 1287 585 1352 sed
616 1287 671 1353 vel
701 1310 759 1374 per
795 1287 982 1353 lasciviores
1019 1288 1133 1352 modos
1163 1287 1354 1352 inverecun-

306 1387 385 1452 dum
410 1388 542 1474 aliquid,
566 1389 619 1454 vol
641 1412 701 1476 per
723 1389 902 1476 asperiores
924 1389 1019 1455 ferox
1041 1395 1076 1455 ct
1099 1389 1242 1454 immane
1264 1411 1355 1454 men-

306 1490 395 1554 tibus
413 1491 576 1556 illabatur.
622 1491 668 1556 Et
687 1492 761 1557 ideo
782 1491 879 1557 Plato
899 1491 1049 1579 praeeipit
1069 1496 1217 1579 oportere
1238 1513 1356 1577 pueros

305 1613 373 1656 non
394 1594 437 1658 ad
457 1616 569 1659 ornnes
592 1593 705 1660 modos
728 1593 860 1671 erudiri,
876 1591 934 1660 sed
957 1594 1068 1681 potius
1088 1594 1131 1658 ad
1151 1593 1299 1658 valentes
1322 1597 1356 1658 et

305 1693 473 1780 simplices.
530 1688 655 1761 Idcirco
679 1696 920 1763 Lacedaemonii
942 1695 1025 1762 haec¹
1051 1695 1197 1760 maxima
1223 1717 1291 1781 ope,
1317 1700 1357 1760 ut

307 1795 355 1859 ait
388 1797 549 1878 Boetius,2
582 1820 765 1879 servavere,
796 1798 877 1863 dnm
913 1797 1003 1885 apud
1039 1820 1093 1864 eos
1123 1798 1283 1876 Thaletes‚
1322 1802 1357 1862 et

308 1897 464 1985 Gorgias³
490 1901 681 1981 Leontinus,
709 1923 829 1988 magno
856 1901 964 1987 pretio
986 1901 1092 1981 acciti,
1115 1922 1232 1987 pueros
1262 1899 1357 1965 disci-

306 2001 397 2087 plina
420 2003 553 2069 musicae
580 2004 662 2070 artis
692 2003 903 2083 inoluerunt;
935 2008 969 2069 et
999 2002 1219 2068 Timothaeum
1242 2007 1357 2090 postea

305 2103 561 2184 damnaverim,
591 2107 649 2192 qui
679 2105 895 2184 harmoniam,
923 2127 1022 2191 quarn
1056 2105 1239 2170 modestam
1269 2127 1357 2170 acce·

307 2213 408 2291 perat,
436 2208 472 2271 in
498 2231 601 2294 genus
627 2208 873 2285 chromaticum,
896 2207 984 2293 quod
1006 2211 1057 2272 est
1086 2207 1225 2284 mollius,
1249 2207 1357 2272 inver-

307 2309 410 2374 tisset.
456 2310 547 2376 Nam
573 2333 749 2396 puerorum
776 2310 895 2376 animis
925 2332 1007 2396 quos
1030 2310 1226 2375 erudiendos
1251 2331 1358 2374 susce·

306 2415 402 2496 perat
432 2411 549 2490 offecit,
572 2418 607 2478 et
627 2435 647 2477 a
668 2414 805 2478 virtutis
823 2413 985 2478 modestia
1007 2411 1210 2498 praepedivit.
1256 2410 1359 2476 Nulla

308 2514 396 2579 enim
422 2514 528 2602 magis
557 2516 614 2580 via
642 2516 687 2580 ad
715 2517 864 2581 animum
893 2515 1065 2604 disciplina
1096 2537 1194 2601 quam
1224 2513 1359 2579 auribus

308 2621 409 2701 patet.
455 2616 540 2682 Cum
563 2617 670 2704 igitur
692 2640 750 2704 per
764 2640 818 2684 eas
840 2619 932 2683 modi
954 2623 1071 2683 cantus
1093 2617 1239 2682 animum
1255 2638 1358 2702 usque

307 2718 551 2797 descenderunt,
583 2719 731 2785 dubitari
756 2741 822 2786 non
852 2725 962 2807 potest
988 2720 1068 2806 quin
1097 2725 1212 2805 suapte
1237 2725 1359 2784 natura

306 2826 452 2886 mentem
486 2820 640 2900 afficiant,
679 2827 714 2887 et
751 2821 966 2889 conforment
1020 2822 1067 2885 Et
1102 2821 1176 2886 ideo
1214 2821 1359 2906 Spiritus

306 2924 458 3003 Sanctus,
483 2925 540 3010 qui
560 2929 611 2990 est
634 2923 793 3013 Magister
813 2925 963 3002 ecclesiae,
988 2928 1022 2989 et
1044 2946 1103 3010 per
1124 2923 1235 2988 omnia
1256 2944 1359 2988 mem·

307 3027 428 3093 brasc
465 3015 613 3093 suaviter
643 3027 799 3108 infundit,
824 3026 992 3093 ordinavit
1024 3047 1127 3113 genus
1157 3030 1273 3091 cautus
1303 3048 1358 3090 en-

308 3128 548 3212 harmonicum,
572 3131 662 3217 quod
683 3136 719 3196 et
740 3131 838 3196 robor
859 3129 963 3195 habet
984 3127 1055 3194 sine
1077 3127 1217 3208 horrere,
1234 3133 1269 3193 et
1289 3128 1360 3194 siue

309 3233 445 3299 lascivia
471 3233 682 3300 condelectat.
733 3233 801 3300 Sed
826 3232 898 3318 jam
923 3254 982 3319 per
1006 3231 1172 3297 ecclesiam
1198 3232 1358 3319 paulatim
1370 3240 1508 3320 nnumin

309 3335 413 3400 crevit
438 3337 561 3402 abusus
592 3341 716 3417 cantus,
745 3335 847 3421 quia
872 3335 1038 3423 gravitate
1063 3340 1098 3400 et
1120 3335 1247 3400 virtute
1272 3323 1509 3425 anti-{ffffoffim

307 3458 378 3522 qua
415 3438 540 3519 cecidit,
578 3443 613 3504 et
654 3437 691 3503 in
729 3437 902 3503 mollitiem
941 3437 1197 3504 inverecundam
1237 3436 1358 3524 lapsus,
1369 3443 1438 3506 ὼγ*

308 3546 517 3606 mansuetam
557 3543 592 3605 et
625 3541 814 3606 naturalem
850 3539 1050 3627 probitatem
1090 3539 1228 3619 amisit;
1271 3537 1359 3625 quod
1520 3539 1523 3543 ’

309 3664 470 3708 novarum
493 3642 758 3708 harmoniarum⁴
783 3642 961 3719 curiositas
985 3647 1020 3707 et
1042 3663 1212 3728 prosarum
1234 3641 1360 3706 lubrica

310 3744 512 3822 adinventio,
528 3743 827 3830 multipliciumque
850 3744 1088 3811 cantilenarum
1111 3744 1225 3829 inepta
1246 3743 1361 3829 volup·

311 3849 365 3910 tas
379 3845 582 3911 manifestat.
631 3846 677 3910 Et
699 3870 797 3933 super
818 3847 930 3912 omnia
951 3866 1046 3912 voces
1061 3845 1096 3910 in
1118 3843 1260 3910 falseto⁵
1285 3845 1360 3908 har·

308 3948 456 4013 moniam
487 3948 617 4013 virilem
647 3952 682 4014 et
711 3971 835 4015 sacram
865 3949 1083 4027 falsificantes,
1114 3947 1285 4036 pueriliter
1314 3946 1361 4012 ef·

308 4051 401 4132 fusae,
431 4051 640 4116 muliebriter
669 4051 837 4119 dissolutae
867 4051 934 4117 fere
964 4073 1023 4139 per
1051 4055 1158 4116 totam
1196 4048 1360 4116 eeclesiam

307 4155 526 4240 comprobant
555 4154 639 4220 illud
666 4153 764 4220 idem.
821 4155 953 4220 Possem
983 4175 1103 4242 ponere
1140 4151 1291 4239 exempla
1320 4152 1361 4218 de

343 4459 426 4527 ¹lroec]
445 4459 501 4522 hoo,
512 4458 544 4512 T.
894 4458 1106 4527 ‘harmoniarum
1124 4457 1292 4520 historiarum,
1303 4457 1334 4508 T.

341 4540 479 4606 ¹Badtina]
494 4537 716 4601 ventositate.
897 4539 1017 4606 'salceid
1040 4539 1147 4603 falcetto,
1172 4539 1223 4602 '123
1251 4538 1361 4600 insulsa

344 4618 480 4670 'statem
507 4629 532 4670 et
558 4619 677 4687 Gorpiaa]
708 4620 809 4671 'saletas
860 4618 894 4671 U.

308 4708 332 4752 ct
344 4699 510 4766 Georgonius,
522 4700 553 4749 B.
