3586 5640
456 768 520 842 174
833 784 962 835 uocum
985 785 1130 836 neeours
1418 775 1509 864 [cer.

450 983 510 1027 nec
531 961 768 1028 indivisibilem
791 965 951 1046 occupet3
986 981 1046 1025 neo
1068 983 1213 1048 praesens
1236 968 1287 1030 est
1308 964 1411 1031 elicui
1432 966 1505 1034 loco

450 1065 656 1143 naturaliter,
672 1069 708 1130 et
730 1064 771 1128 de
794 1085 836 1139 se,
860 1064 919 1128 sed
940 1086 999 1151 per
1028 1065 1190 1146 occidens,
1207 1067 1336 1132 ratione
1359 1071 1507 1156 corporis

452 1166 544 1253 cujus
575 1173 626 1232 est
659 1166 779 1231 unitos
825 1165 914 1252 Ergo
947 1166 1163 1233 menifestum
1198 1174 1257 1247 est,
1286 1171 1376 1255 quod
1409 1171 1507 1260 longe

452 1269 561 1334 minus
591 1269 780 1335 substantia
815 1268 1004 1355 spiritualis,
1029 1291 1104 1356 quoe
1137 1292 1158 1335 a
1193 1293 1328 1359 corpore
1360 1275 1508 1342 nonde·

452 1373 575 1459 pendet
608 1373 717 1458 sliquo
750 1371 857 1451 modo,
888 1370 1026 1437 habebit
1062 1378 1248 1460 respectum
1285 1375 1340 1442 vel
1377 1396 1508 1466 compc-

452 1477 615 1542 rstionem
638 1475 681 1541 sd
702 1475 811 1541 locum
834 1475 1044 1562 corporalem.

499 1579 636 1657 Iterum,
654 1600 770 1666 corpus
792 1600 860 1644 non
886 1578 988 1644 hebet
1010 1577 1158 1665 aliquem
1176 1582 1422 1668 proportionem
1445 1604 1507 1650 nec

454 1682 730 1769 comparutionem
748 1682 791 1747 od
809 1683 917 1748 locum
939 1680 1144 1770 spiritualem
1155 1707 1164 1766 ;
1187 1704 1265 1771 ergo
1288 1705 1347 1751 nec
1369 1686 1507 1773 spiritus

455 1784 498 1852 ed
520 1785 627 1852 locum
649 1784 858 1872 oorporclem.

286 1897 410 1951 whether
500 1887 637 1969 Iterum,
675 1888 781 1956 omnis
818 1909 878 1968 res,
913 1909 986 1973 quoe
1023 1887 1131 1953 locum
1168 1889 1279 1970 hebet,
1309 1895 1370 1956 eut
1405 1891 1507 1959 hebet

286 1967 430 2087 ssssffiffi
453 1991 561 2058 locum
583 1991 769 2058 nutumlem
791 1995 850 2057 aut
873 1989 1128 2070 occidentalem
1151 1991 1209 2057 sed
1230 2013 1281 2058 res
1303 2014 1378 2079 quae
1405 1993 1507 2061 hebet

453 2096 560 2161 locum
590 2095 831 2174 occidentalem,
855 2097 894 2159 ut
916 2093 1009 2179 lepis,
1033 2093 1090 2178 qui
1114 2092 1264 2159 elevetur
1289 2116 1429 2175 sursum,
1455 2100 1506 2162 est

453 2198 501 2264 ibi
523 2220 582 2285 per
602 2197 806 2274 violentiam,
831 2203 865 2263 et
887 2196 988 2261 hebet
1014 2196 1228 2262 neceesarium
1254 2197 1505 2264 inclinationem

454 2301 497 2366 ed
519 2301 626 2367 locum
648 2301 842 2365 naturalem.
888 2297 934 2363 Et
949 2299 1023 2364 ideo
1046 2319 1142 2364 omne
1165 2299 1253 2385 quod
1276 2299 1377 2365 hebet
1397 2299 1505 2367 locum

454 2403 688 2470 accidentalem
718 2402 754 2467 in
783 2406 869 2480 ectu,
893 2406 1009 2487 aptum
1039 2405 1157 2466 nutum
1182 2407 1232 2467 est
1254 2401 1375 2469 hebere
1397 2403 1505 2470 locum

454 2504 649 2584 naturalem,
673 2504 709 2569 in
739 2525 804 2589 quo
834 2501 1002 2582 solvetur,¹
1027 2508 1062 2568 et
1092 2508 1189 2569 extre
1214 2503 1336 2590 quem⁹
1367 2510 1417 2572 est
1446 2528 1506 2594 per

454 2607 654 2673 violentiam.
701 2605 766 2671 Sed
797 2605 834 2670 in
864 2596 1320 2692 substantiis'spiritualibus
1351 2629 1420 2674 non
1453 2614 1506 2676 est

454 2710 564 2795 ulique
585 2709 764 2787 violentis3
793 2729 869 2795 ergo
899 2729 966 2772 non
997 2712 1132 2794 possunt
1163 2707 1282 2776 hebere
1312 2709 1420 2776 locum
1451 2734 1505 2779 ac-

454 2812 658 2879 cidentalem.
705 2810 823 2898 Neque
845 2811 882 2875 in
904 2811 950 2875 eis
973 2815 1024 2876 est
1041 2811 1217 2877 necessitas
1239 2814 1504 2896 conservationis,

455 2915 535 3002 quio
565 2913 828 3001 incorruptibiles
859 2917 938 2980 sunt
950 2938 959 2994 ;
990 2935 1068 3000 ergo
1099 2913 1192 2978 nullo
1222 2915 1320 2981 modo
1351 2915 1505 2985 determi-

454 3025 539 3084 ncnt
570 3018 633 3085 sibi
662 3017 770 3084 locum
786 3006 994 3098 naturalem,
1018 3021 1052 3082 et
1082 3017 1132 3082 its
1159 3017 1251 3083 nullo
1280 3017 1379 3084 modo
1405 3018 1504 3086 hobe-

454 3122 540 3188 bunt
562 3123 676 3187 locum.

288 3225 422 3289 obtentos
500 3224 537 3289 Si
569 3224 699 3289 dicetur
730 3223 818 3309 quod
850 3222 1037 3288 substantie
1066 3221 1248 3309 spiritualis
1276 3244 1345 3288 non
1375 3224 1505 3312 indiget

287 3294 433 3410 ἓξὲξ,
453 3327 523 3391 loco
557 3327 706 3390 solvente
741 3325 798 3390 sed
832 3325 1030 3400 continente,
1067 3324 1146 3410 quie
1177 3331 1227 3390 est
1260 3347 1336 3413 pers
1373 3327 1505 3393 univer-

285 3443 385 3494 sethar
453 3427 564 3493 siletis
599 3449 717 3507 rerum,
746 3432 781 3492 et
814 3431 910 3491 extra
941 3427 1060 3492 coelum
1092 3448 1161 3492 esse
1192 3449 1259 3492 non
1293 3426 1422 3514 potest³
1443 3451 1504 3496 nec

284 3511 398 3641 ζξξξὶὲξιι
453 3532 559 3606 debet,
581 3535 616 3595 et
638 3529 712 3593 ideo
734 3528 900 3593 limitetur
916 3529 986 3614 ejus
1008 3534 1131 3595 neturc
1153 3534 1193 3595 ut
1207 3530 1252 3595 sit
1274 3530 1363 3595 infre
1384 3533 1503 3598 coelum

284 3615 380 3708 thougli
414 3656 418 3664 ·
452 3637 787 3710 contentc3-contru
801 3630 862 3696 hoc
885 3637 936 3696 eet
951 3632 1126 3718 multiplex
1140 3633 1233 3698 rotie.
1280 3631 1369 3698 Nem
1384 3634 1503 3700 ooelun

284 3710 395 3788 sueyse·
452 3736 608 3801 ultimum
631 3735 738 3799 locum
761 3756 827 3799 non
848 3734 958 3813 hebet,
976 3741 1009 3800 et
1033 3739 1147 3800 temen
1170 3741 1316 3820 estpars
1338 3736 1483 3802 universi
1495 3762 1503 3818 ;

283 3784 409 3893 mppr
451 3859 511 3903 nec
548 3837 681 3922 aliquod
710 3835 830 3902 coelum
863 3837 991 3924 indiget
1024 3837 1095 3903 loco
1125 3837 1337 3917 eontinente;
1367 3839 1445 3924 quie
1474 3840 1504 3905 si

284 3924 403 3967 consae·
655 3940 661 3954 ·
1121 3941 1128 3955 .
1264 3941 1271 3955 .
1351 3940 1359 3954 .

300 3976 381 4028 uires
452 3941 571 4006 coelum
601 3941 756 4006 ultrmum
783 3962 851 4005 non
873 3945 959 4006 esset
981 3941 1022 4006 de
1044 3941 1193 4027 pnrt1bus
1214 3961 1362 4006 umverm
1384 3941 1502 4008 eoelum

285 4059 412 4162 omem
451 4043 672 4130 penultimum
709 4043 817 4109 locum
862 4064 929 4108 non
974 4043 1119 4122 heberet,
1167 4065 1229 4109 nec
1267 4044 1500 4124 continentem,

451 4166 511 4212 nec
545 4145 728 4210 salvantem
743 4143 770 4225 3‘
800 4150 834 4211 et
867 4142 937 4212 sic⁵
963 4167 1023 4212 nec
1055 4147 1095 4212 de
1127 4145 1237 4233 aliquo
1268 4146 1357 4212 coelo.
1403 4145 1503 4215 Unde

485 4460 492 4490 ¹
510 4456 629 4524 soluetur]
648 4459 764 4518 salvatur,
775 4459 806 4507 B.
972 4463 978 4516 1
1003 4458 1061 4523 lem]
1080 4468 1105 4509 et
1116 4474 1163 4509 nee
1183 4458 1321 4522 continens,
1333 4474 1380 4511 neo
1396 4457 1502 4519 solvens,

484 4538 590 4604 ςᾳιιωη]
610 4539 684 4602 quod,
701 4538 731 4587 B.
1002 4539 1031 4588 B.

483 4622 494 4652 ¹
509 4617 600 4686 polest]
619 4624 709 4681 posset,
726 4616 756 4665 B.
1035 4617 1110 4684 ἐῶ]
1130 4633 1178 4670 om.
1190 4617 1220 4667 B.

488 4699 555 4750 ‘m
584 4697 747 4759 continentem
776 4710 820 4747 uec
852 4694 950 4747 salcon-
