3586 5640
309 767 435 855 xima]
704 784 791 834 orus
812 784 972 835 marma
1300 770 1362 843 175

306 959 396 1046 quod
427 979 495 1024 non
525 957 654 1047 indiget
682 958 834 1026 salvante
857 981 925 1026 non
947 960 1076 1048 indiget
1097 962 1300 1043 continente,
1324 967 1360 1028 et

308 1063 383 1128 ideo
406 1061 480 1129 ooeli
506 1083 575 1127 non
604 1062 757 1150 indigent
778 1062 889 1149 aliquo
915 1063 985 1129 loco
1015 1063 1229 1144 continente3
1260 1086 1362 1152 quare

305 1166 402 1253 longe
432 1165 538 1252 magis
566 1165 755 1232 substantia
776 1165 957 1252 spiritualis
987 1188 1055 1232 non
1085 1166 1251 1254 indigebit
1288 1167 1359 1234 loco

311 1269 509 1334 continente.

356 1371 492 1452 Iterum,
511 1376 630 1438 natura
652 1371 860 1438 elementaris
875 1372 954 1458 quia
976 1372 1105 1459 indiget
1120 1373 1271 1438 salvante
1294 1395 1363 1439 non

312 1474 439 1562 indiget
464 1474 676 1540 continente.¹
724 1474 825 1541 Unde
855 1475 974 1541 coelum
1000 1497 1059 1562 per
1080 1476 1240 1542 virtutem
1271 1498 1364 1541 suam

311 1578 420 1643 salvat
462 1578 650 1658 elementa;
695 1584 729 1644 et
766 1577 938 1664 quodlibet
975 1579 1175 1644 elementum
1213 1579 1363 1665 superius

311 1681 420 1746 salvat
441 1680 598 1760 inferiue;
620 1685 656 1746 et
678 1681 750 1746 ideo
773 1686 903 1768 oportet
926 1681 1013 1767 quod
1036 1681 1199 1747 elementa
1220 1681 1365 1747 habeant

310 1783 457 1868 undique
488 1783 666 1848 continens.
714 1782 823 1864 Quare
857 1806 932 1850 cum
964 1785 1152 1850 substantia
1183 1784 1365 1871 spiritualis

312 1908 379 1952 non
401 1885 530 1972 indiget
552 1886 710 1964 salvante,
734 1907 794 1952 nec
816 1885 980 1974 indigebit
1003 1888 1205 1952 continente.

357 1990 494 2065 Iterum,
511 1989 710 2054 universitas
732 2010 843 2054 rerum
866 2012 934 2055 non
957 1990 1097 2075 requirit
1120 1989 1365 2054 continentiam

313 2091 412 2157 unius
443 2113 502 2177 per
532 2090 629 2155 aliud
681 2091 714 2154 N
717 2113 771 2156 am
803 2091 831 2156 si
865 2113 916 2156 res
950 2096 1068 2157 creatae
1103 2097 1212 2157 essent
1243 2092 1293 2156 ita
1326 2098 1366 2158 ut

312 2195 405 2260 nulla
435 2194 536 2258 aliam
568 2194 793 2276 circumdaret,
827 2196 933 2261 adhuc
965 2200 1051 2259 esset
1083 2195 1304 2273 universitae3
1332 2201 1366 2260 et

314 2304 427 2362 tamen
448 2295 540 2361 nulla
562 2297 772 2363 continentia
818 2296 908 2384 Ergo
936 2319 1010 2383 pars
1032 2299 1187 2377 universi,
1204 2298 1240 2362 in
1263 2320 1366 2384 quan-

312 2398 401 2466 tum⁹
431 2398 627 2484 hujusmodi,
652 2399 717 2466 nisi
740 2399 831 2466 aliud
863 2399 1018 2469 reformet
1052 2407 1195 2490 paetum,
1219 2423 1288 2468 nou
1317 2423 1366 2468 re·

315 2503 418 2591 quirit
440 2503 621 2569 continens.

360 2605 498 2686 Iterum,
522 2605 573 2671 si³
600 2605 843 2671 consideremus
868 2607 1011 2673 radicem
1035 2609 1123 2674 unde
1145 2608 1268 2676 accidit
1290 2631 1366 2677 con·

315 2710 460 2775 tinentia
481 2708 518 2774 in
540 2708 602 2774 hoc
624 2709 757 2788 mundo,
780 2708 967 2776 videbimus
990 2711 1077 2797 quod
1104 2712 1146 2776 ad
1176 2711 1246 2791 hoc,
1278 2712 1367 2798 quod

314 2835 366 2880 res
389 2813 435 2880 sit
457 2834 533 2900 pars
555 2812 711 2892 universi,
737 2833 805 2876 non
828 2813 1008 2898 requiritur
1038 2815 1126 2899 quod
1157 2815 1367 2880 contineatur

315 2918 357 2983 ab
384 2917 501 3004 aliquo.
559 2914 648 2980 Nam
671 2914 750 3000 quia
772 2915 936 2980 elementa
957 2914 1110 3000 indigent
1132 2915 1282 2980 salvante
1305 2937 1366 2980 un·

315 3019 421 3105 dique,
446 3019 520 3084 ideo
551 3017 703 3103 indigent
734 3016 924 3082 continente
954 3017 1099 3101 undique
1111 3040 1119 3095 ;
1150 3021 1184 3082 et
1206 3017 1281 3081 ideo
1304 3017 1366 3082 ele·

314 3128 463 3188 mentum
502 3126 552 3186 est
590 3119 785 3206 sphaericum
828 3139 964 3204 corpus3
1003 3122 1038 3183 et
1074 3138 1132 3204 per
1169 3139 1367 3205 consequens

315 3245 431 3312 corpus
468 3223 599 3290 coeleste
630 3227 681 3288 est
714 3221 936 3308 sphaericum
970 3227 1005 3287 et
1042 3220 1116 3287 ideo
1139 3221 1367 3287 contentivam

316 3326 478 3393 elementi.
541 3325 607 3391 Sed
638 3324 667 3390 si
698 3323 860 3390 elementa
883 3345 925 3390 ex
947 3323 1042 3390 nulla
1063 3329 1157 3410 parte
1179 3325 1368 3416 indigerent

316 3431 474 3508 salvante,
507 3433 566 3494 aut
599 3450 667 3493 non
699 3427 853 3514 undique,
887 3448 957 3494 non
990 3432 1075 3494 esset
1108 3449 1245 3510 necesse,
1280 3427 1368 3513 quod

316 3534 479 3600 elementa
511 3537 619 3598 essent
649 3530 816 3618 sphaericae
838 3531 963 3619 figurae,
993 3553 1054 3598 nec
1083 3553 1141 3618 per
1171 3553 1368 3617 consequens

316 3636 457 3716 coelnm;
496 3639 530 3701 et
563 3634 637 3701 ideo
672 3633 876 3700 continentia
909 3655 977 3700 non
1011 3633 1231 3720 requireretur
1260 3654 1368 3700 neces·

315 3740 423 3818 sario;
446 3743 481 3805 et
503 3744 615 3804 tamen
637 3741 746 3804 essent
768 3741 878 3824 partes
900 3736 1053 3802 universi.

362 3842 498 3920 lterum,
522 3842 558 3907 in
589 3845 751 3926 quantum
780 3839 923 3905 mundus
952 3839 1051 3905 debet
1080 3837 1206 3905 moveri
1236 3841 1369 3924 propter

316 3946 562 4033 generationem
593 3948 627 4010 et
650 3943 901 4030 corruptionem,
926 3945 1058 4029 oportet
1079 3942 1167 4028 quod
1196 3941 1242 4007 sit
1264 3940 1368 4027 sphae-

315 4050 429 4116 ricitas
451 4048 590 4135 figuram
614 4046 694 4133 quia
715 4067 783 4111 non
806 4049 915 4131 posset
937 4044 1091 4111 ultimum
1114 4066 1231 4132 corpus
1253 4045 1368 4111 mundi

316 4153 449 4229 moveri,
472 4151 538 4217 nisi
559 4151 596 4216 in
619 4149 727 4235 figura
748 4147 819 4229 tali,
842 4147 927 4214 sicut
950 4147 1088 4234 probavi
1109 4148 1145 4213 in
1168 4147 1274 4236 Opere
1298 4148 1370 4216 Ma-

311 4254 398 4343 jori.⁴
443 4253 509 4321 Sed
539 4254 567 4318 si
597 4252 715 4318 coelum
739 4273 805 4317 non
831 4256 1027 4332 moveretur,
1050 4273 1110 4319 nec
1131 4252 1249 4322 fierent
1270 4274 1369 4342 geue·

350 4547 357 4579 ¹
375 4541 546 4596 ctideocoelr'.
565 4581 571 4595 .
596 4579 626 4595 ..
644 4580 651 4594 .
668 4542 814 4607 continente]
901 4543 911 4574 ⁸
929 4543 1019 4602 iterum,
1031 4543 1067 4609 rr]
1087 4558 1136 4596 orn.
1148 4543 1178 4593 B.

316 4642 365 4678 om.
378 4627 408 4678 T.
901 4624 909 4654 ⁴
929 4623 1009 4692 Opere
1019 4623 1118 4694 Majorr'
1118 4639 1132 4692 J
1149 4640 1173 4691 p.
1186 4630 1226 4677 94.

349 4704 502 4772 watra]
522 4719 605 4771 quam,
621 4703 653 4755 T·
