3586 5640
308 751 379 843 nx]
717 771 804 822 orus
827 772 987 823 rnarnnu.
1292 758 1355 820 241

305 942 555 1009 declinabilibus
576 930 834 1030 monosyllabis.
896 945 963 1012 Sed
1001 951 1116 1011 contra
1153 947 1215 1011 hoc
1251 947 1359 1011 multa

305 1045 466 1111 veraciter
487 1052 625 1132 possunt
648 1047 719 1112 dici.
766 1047 854 1112 Nam
877 1070 951 1113 oum
978 1049 1154 1136 probatum
1178 1056 1237 1129 est,
1269 1051 1359 1136 quod

305 1148 381 1212 duae
404 1153 519 1228 acutae,
542 1154 677 1235 propter
699 1149 862 1215 defectum
877 1150 1057 1237 euphoniae,
1082 1173 1150 1216 non
1172 1174 1206 1217 ae
1229 1173 1360 1238 compa·

305 1249 445 1329 tiuntur,
469 1255 505 1315 et
526 1251 669 1316 secunda
691 1253 814 1317 mutari
848 1274 916 1317 non
950 1253 1049 1319 debet
1080 1259 1214 1339 propter
1246 1274 1359 1318 causas

301 1350 373 1436 jam
396 1352 509 1428 dictas,
533 1357 613 1418 tunc
635 1353 743 1439 prima
765 1352 950 1418 mutabitur
976 1354 1012 1418 in'
1034 1375 1169 1440 gravem
1181 1377 1189 1432 ;
1221 1359 1256 1420 ct
1286 1355 1359 1419 ideo

307 1475 382 1518 cum
412 1453 533 1520 dicitur
555 1453 618 1541 qai
640 1453 701 1534 aar,
725 1454 787 1520 hoc
818 1477 938 1521 nomen
960 1455 1024 1542 qut
1045 1456 1247 1543 gravabitur,
1281 1456 1361 1542 quia

307 1557 414 1641 prima
435 1555 533 1642 hujus
559 1558 711 1622 dictionis
733 1556 786 1623 att
808 1558 938 1623 acuitur
968 1580 1027 1645 per
1059 1559 1234 1623 secundam
1264 1579 1361 1643 regu·

307 1657 383 1723 lam.
430 1658 572 1724 Etcum
595 1659 668 1724 dico
704 1657 768 1745 qut
795 1657 959 1745 loquatur,
982 1659 1035 1724 hic
1066 1659 1218 1724 similiter
1240 1680 1361 1745 grava·

307 1758 408 1839 bitur,
431 1761 510 1845 quia
532 1781 590 1846 per
612 1760 748 1824 tertiam
770 1760 917 1846 regulam
949 1760 1056 1847 prima
1077 1760 1175 1847 hujus
1207 1760 1360 1825 dictionis

307 1859 463 1946 loquitur
499 1866 633 1927 acutum
671 1861 774 1927 habet
811 1867 989 1928 accentum
1046 1863 1212 1930 Caeterum
1247 1884 1360 1928 omnes

307 1963 437 2048 antiqui
461 1963 575 2028 Latini
597 1985 700 2049 usque
723 1986 811 2029 nunc
832 1965 1019 2050 gravabant
1041 1964 1249 2030 declinabiles
1275 1965 1361 2030 sicut

306 2063 561 2130 indeclinabiles.
603 2065 739 2143 Iterum,
758 2065 874 2146 Graeci,
889 2066 1044 2151 aquibus
1065 2071 1172 2132 artem
1195 2067 1360 2131 traximus

307 2167 530 2246 accentuandi,
562 2167 713 2232 similiter
744 2173 888 2254 gravant
920 2171 1076 2254 utrasque
1108 2169 1221 2234 eodem
1255 2169 1360 2235 modo.

308 2268 445 2348 Iterum,
466 2292 540 2334 cum
562 2269 718 2356 quoelibet
740 2270 968 2356 monosyllaba
982 2270 1029 2335 sit
1044 2270 1239 2336 naturaliter
1254 2275 1360 2348 acuta,

307 2381 493 2436 attentum
516 2370 617 2437 habet
649 2372 690 2436 de
712 2376 810 2436 acuto
842 2376 1005 2456 quantum
1036 2371 1110 2450 alia,
1146 2393 1223 2458 ergo
1255 2372 1361 2436 omnis

306 2472 534 2558 monosyllaba
555 2473 714 2538 retinebit
737 2478 908 2538 accentum
931 2472 1166 2540 indifferenter.

352 2575 488 2655 Iterum,
511 2574 688 2639 declinatio
711 2574 920 2640 accidentalis
943 2579 994 2640 est
1020 2574 1178 2652 accentui,
1202 2580 1237 2640 et
1268 2575 1360 2640 inde·

305 2676 441 2742 clinatio
472 2675 645 2756 similium
680 2698 757 2762 ergo
788 2676 873 2740 nihil
904 2676 1032 2741 faciunt
1065 2676 1109 2741 ad
1140 2677 1360 2742 mutationem

307 2788 466 2847 accentus
525 2781 615 2846 Nam
653 2785 783 2868 oportet
816 2781 904 2866 quod
938 2782 1004 2845 alia
1037 2785 1159 2846 natura
1196 2783 1268 2846 soni
1300 2782 1361 2847 hoc

306 2884 413 2964 faciat,
438 2883 516 2969 quia
538 2883 599 2948 hoc
621 2883 766 2971 pertinet
789 2884 832 2948 ad
854 2887 1049 2963 accentum3
1073 2888 1107 2947 et
1138 2883 1212 2947 ideo
1239 2883 1362 2968 eupho-

307 2985 371 3065 nia,
386 3007 461 3070 qnae
482 2991 532 3050 est
554 2985 689 3051 bonitas
710 2985 791 3061 soni,
809 2989 859 3050 est
882 2985 918 3049 in
941 3005 1045 3049 causa.
1094 2982 1231 3060 Iterum,
1247 2988 1363 3047 acutus

307 3093 460 3152 accentus
493 3088 600 3173 magis
622 3086 776 3153 convenit
810 3085 1106 3164 indeclinabilibus‚
1130 3089 1170 3149 ut
1200 3089 1296 3170 patet
1326 3086 1362 3149 in

307 3189 399 3253 istis:
439 3189 524 3266 aaa,
548 3193 648 3275 porres,
681 3188 751 3266 tlte,
784 3187 867 3268 illic,
901 3185 992 3266 ala,
1025 3207 1098 3271 quae
1130 3192 1293 3252 acuuntur
1326 3185 1363 3250 in

307 3290 382 3367 fine,
415 3312 483 3355 non
519 3290 565 3355 sic
599 3290 815 3356 declinabiles,
861 3289 932 3355 Nec
954 3293 1005 3354 est
1027 3288 1188 3354 instantia
1210 3288 1246 3352 in
1269 3287 1362 3355 deae·

309 3391 376 3469 dic,
401 3390 544 3478 benefac,
568 3392 647 3477 quia
668 3392 705 3456 in
727 3392 853 3457 talibus
875 3391 1036 3457 remansit
1057 3396 1211 3457 accentus
1228 3395 1363 3478 propter

309 3493 523 3558 concisionem
567 3493 710 3571 vocalis;
764 3515 842 3558 nam
880 3492 1079 3559 naturaliter
1124 3492 1258 3558 deberet
1298 3492 1363 3557 dici

310 3593 469 3681 beneficae,
509 3593 670 3674 benedico,
710 3600 745 3661 et
781 3600 862 3660 tunc
898 3596 1019 3660 ultima
1070 3617 1137 3660 non
1184 3599 1362 3659 acueretur.

310 3697 446 3774 Iterum,
470 3696 655 3762 Priscianus
676 3719 736 3762 sua
758 3698 955 3763 auctoritate
978 3697 1071 3762 elidit
1093 3696 1180 3760 hunc
1203 3716 1343 3760 errorem
1355 3718 1364 3774 ;

310 3821 388 3863 nam
411 3799 492 3864 dicit
522 3799 559 3863 in
582 3800 699 3885 majori
721 3799 889 3865 volumine
923 3798 1011 3883 quod
1042 3797 1104 3861 hoc
1138 3818 1258 3860 nomen
1292 3794 1365 3881 qai,

310 3901 495 3981 relativum,
518 3901 555 3966 in
577 3901 723 3967 oratione
745 3911 911 3988 gravatur.
959 3898 1005 3963 Et
1028 3898 1064 3961 in
1086 3895 1170 3961 libro
1194 3897 1235 3960 de
1258 3897 1366 3961 Decli-

309 4003 441 4070 natione
464 4025 619 4069 versuum
634 4004 792 4069 AEneidos
815 4000 917 4078 dicit,¹
935 4000 1003 4065 fere
1019 3999 1125 4064 omnis
1141 3998 1366 4083 monosyllaba

310 4114 477 4192 gravatur.
524 4104 570 4169 Et
603 4105 684 4171 dicit
708 4105 782 4192 sere
816 4103 859 4168 ad
898 4101 1119 4167 differentiam
1149 4100 1365 4185 quanmdam,

310 4228 383 4292 quse
405 4206 602 4272 differentia
625 4228 722 4271 eausa
745 4205 1067 4282 circumflectuntur;
1091 4213 1129 4267 ut
1151 4201 1210 4283 sic,
1234 4202 1366 4287 quando

312 4319 362 4374 est
383 4307 580 4373 adverbium
602 4307 837 4386 similitudinis,
854 4304 1121 4372 circumflectitur
1132 4329 1141 4383 ;
1163 4305 1294 4389 quando
1316 4311 1367 4370 est

312 4411 507 4474 adverbium
534 4409 678 4496 jurandi,
711 4418 883 4494 gravatur.'
930 4407 968 4471 Si
1000 4406 1129 4472 dicatur
1162 4406 1251 4492 quod
1280 4429 1368 4471 nunc

609 4621 1073 4688 *nmmwmmama

405 4719 526 4768 mna
1213 4715 1236 4777 Q
