3586 5640
826 789 956 843 nosnos
979 789 1133 843 moosss.
1417 782 1503 874 [usn

835 1072 915 1140 Oen.
941 1073 1122 1142 XXXVII.

286 1267 433 1350 inempti·
500 1255 641 1322 Donum
654 1255 768 1341 posteo
781 1251 931 1340 epplioo¹
956 1254 1016 1320 hes
1039 1255 1162 1323 redioes
1181 1255 1350 1343 sapientise
1375 1279 1503 1344 geome-

285 1336 410 1468 ἓξὲξ
453 1356 545 1424 tn‘oae
570 1357 612 1421 od
635 1377 686 1420 res
707 1354 803 1421 istius
827 1355 952 1434 mundi,
977 1358 1140 1443 quomodo
1160 1358 1197 1423 in
1224 1359 1409 1429 ooelestibus
1432 1382 1504 1427 our·

286 1470 408 1520 viousre
453 1463 533 1525 runt
557 1457 593 1522 hi
608 1478 748 1523 oenones
767 1457 942 1524 notionum.
990 1459 1084 1525 Inter
1105 1482 1181 1544 quae
1203 1481 1300 1527 nuno·
1315 1463 1505 1529 memoriam

286 1537 536 1653 ffiss'ssss‘gnssacio
559 1559 601 1625 ds
623 1558 808 1644 aliquibus:
841 1558 974 1640 soilioot,
998 1563 1087 1646 quod
1122 1562 1209 1627 orbis
1241 1563 1328 1649 ignis
1359 1586 1427 1631 non
1457 1569 1507 1631 est

286 1669 417 1735 lybouio.
453 1661 582 1728 luoidus
617 1661 654 1727 in
693 1662 821 1747 sphoera
859 1683 928 1739 suo,
959 1662 1017 1727 sed
1046 1685 1106 1729 nec
1136 1663 1231 1730 orbes
1261 1666 1417 1746 ooelestes,
1443 1667 1508 1733 nisi

453 1764 490 1830 in
514 1762 595 1828 loeis
615 1761 807 1843 stellarum
830 1763 909 1849 quia
936 1784 1033 1829 omns
1058 1764 1204 1833 lucidum
1226 1771 1278 1832 est
1302 1768 1439 1834 densum
1465 1769 1508 1834 od

454 1864 543 1952 quod
571 1864 663 1929 visus
692 1864 893 1930 terminetur
905 1889 913 1945 ;
936 1870 971 1930 et
1004 1865 1061 1932 isti
1085 1866 1178 1932 orbos
1210 1872 1290 1934 sunt
1320 1870 1396 1945 reri,
1428 1892 1509 1955 quos

453 1967 545 2032 visus
565 1969 724 2053 penetrat.
771 1966 870 2031 Unde
901 1966 988 2052 ignis
1015 1966 1056 2031 do
1079 1989 1138 2032 sne
1164 1972 1285 2034 nutura
1304 1971 1412 2056 primo
1440 1993 1508 2036 non

454 2070 551 2149 lueet,
576 2073 617 2137 ut
642 2067 825 2134 aestimatur
851 2090 872 2133 a
892 2069 993 2155 vulgo
1005 2093 1014 2150 ;
1036 2073 1136 2154 atque
1166 2091 1240 2136 oum
1270 2071 1358 2137 idem
1387 2073 1508 2159 vulgus

455 2168 756 2260 philosophantium
786 2175 821 2236 et
844 2170 1076 2257 theologorum
1100 2171 1191 2240 diost
1214 2172 1303 2258 quod
1325 2173 1422 2240 stello
1441 2196 1508 2240 non

456 2270 587 2339 differt⁸
613 2270 655 2338 sb
686 2270 774 2352 orbe,
806 2271 871 2337 nisi
902 2294 961 2358 per
990 2272 1148 2358 majorem
1178 2274 1445 2363 aggregationem
1475 2280 1510 2342 et

456 2375 617 2441 minoium
646 2371 736 2453 lusis,
766 2371 887 2439 fulsum
917 2377 975 2454 est,
1013 2374 1091 2460 quia
1120 2375 1190 2440 sola
1219 2376 1316 2444 stelle
1344 2377 1440 2456 luoet,
1471 2383 1510 2444 ut

456 2473 566 2563 probo.
611 2474 657 2541 Et
696 2479 809 2540 tumen
842 2473 1007 2540 Platonici
1043 2479 1078 2540 et
1107 2475 1318 2562 Augustinus
1355 2479 1511 2546 videntur

456 2599 577 2664 supere,
616 2581 651 2642 et
679 2576 787 2653 multi,
819 2575 907 2661 quod
938 2574 1058 2641 ooelum
1085 2581 1120 2642 ot
1155 2578 1260 2643 stelles
1296 2586 1375 2647 sunt
1404 2582 1510 2668 igneae

456 2683 596 2758 notuim,
617 2683 653 2745 et
675 2680 763 2765 quod
784 2678 912 2764 sphoera
935 2677 1022 2762 ignis
1044 2677 1230 2744 revolutum
1253 2680 1410 2766 sphaerioe
1432 2683 1511 2749 sunit

457 2783 585 2863 ooelum,
607 2785 648 2847 ut
664 2780 824 2867 Magister
846 2779 883 2844 in
902 2777 1063 2844 Historiis
1085 2784 1119 2847 et
1141 2779 1199 2845 ulii
1221 2782 1368 2847 recitant.
1415 2784 1511 2850 Istud

457 2884 543 2953 nihil
562 2887 614 2950 ost
625 2907 633 2965 ;
655 2903 733 2948 nem
756 2904 814 2968 per
828 2881 1003 2947 fraotiones
1025 2880 1193 2948 radiorum
1214 2883 1251 2948 in
1274 2883 1402 2969 sphoera
1423 2885 1510 2970 ignis

458 2992 553 3075 petet
582 2985 670 3072 quod
699 2985 743 3049 sit
770 2983 904 3049 alterius
932 2987 1062 3051 nuturae
1082 2987 1117 3050 ot
1138 2983 1229 3049 uliud
1243 3005 1359 3071 eorpus
1373 3009 1394 3052 a
1416 2987 1507 3054 coelo·

459 3089 507 3157 Et
528 3111 586 3177 per
625 3087 693 3163 hoo,
724 3087 813 3171 quod
846 3084 963 3151 fractio
996 3085 1037 3151 fit
1068 3085 1157 3152 inter
1188 3085 1350 3153 insessum
1384 3095 1509 3155 rectum

459 3196 495 3258 ot
530 3187 832 3278 perpendicnlmem
873 3188 1009 3252 ductam
1044 3208 1065 3251 u
1103 3187 1173 3253 loeo
1209 3188 1386 3269 frmtionis,
1417 3197 1511 3279 putet

459 3293 547 3380 quod
569 3314 685 3378 eorpus
700 3290 787 3377 ignis
810 3290 854 3354 sit
876 3289 1009 3355 densius
1031 3310 1131 3374 quum
1146 3290 1275 3357 ooelum.
1322 3291 1369 3359 Et
1389 3293 1511 3360 instru-

459 3399 572 3463 mento
594 3394 769 3471 mdiorum,
793 3414 867 3478 quos
890 3392 977 3457 fiunt
998 3391 1041 3457 sd
1064 3391 1135 3473 hoo,
1161 3393 1280 3460 docent
1304 3394 1404 3476 istud,
1427 3396 1513 3463 siout

458 3498 598 3585 ipsemet
620 3495 766 3582 probavi.

290 3612 377 3664 Baton
505 3600 647 3666 Etcum
670 3598 787 3663 dicunt
809 3617 920 3662 omnes
947 3595 1034 3680 quod
1057 3594 1126 3673 lux,
1155 3617 1230 3682 quse
1256 3599 1381 3666 aluno
1410 3601 1512 3678 venit,

290 3683 385 3802 m
460 3703 504 3769 sit
536 3701 598 3766 lux
629 3700 706 3765 solis
736 3699 858 3765 reflexo
889 3721 910 3762 a
940 3696 1110 3782 superficie
1151 3697 1247 3777 lunae,
1280 3708 1414 3789 proptor
1452 3705 1514 3769 hoo

293 3764 549 3891 simoinsqmd
571 3804 692 3869 dicitur
714 3803 750 3867 in
772 3802 857 3867 libro
884 3800 935 3865 Do
951 3799 1231 3886 Proprietotibus³
1255 3803 1510 3883 Elementorum,

292 3897 438 4000 mm
461 3906 550 3993 quod
581 3907 630 3972 sol
661 3910 711 3971 est
742 3905 827 3970 siout
860 3901 995 3970 osndelu
1030 3906 1064 3968 et
1096 3902 1177 3968 lunu
1214 3904 1299 3970 siout
1336 3908 1511 3991 speculum,

294 4016 426 4095 tyrenen-
463 4008 657 4089 ostenditur,
694 4029 753 4093 per
785 4005 1009 4091 aequalitatem
1036 4005 1231 4091 ungulorum
1256 4005 1444 4074 incidentiae
1479 4014 1514 4073 et

292 4092 355 4136 ¹¹⁰2
463 4110 660 4190 reflexionis,
684 4109 772 4194 quod
795 4108 855 4172 lux
877 4106 935 4171 ille
956 4126 1024 4170 non
1054 4110 1105 4170 ost
1134 4106 1263 4187 reflexo,
1293 4109 1351 4173 sed
1383 4111 1514 4195 propria

464 4213 526 4278 lux
547 4213 645 4292 lunae,
662 4232 736 4296 quse
759 4216 872 4275 temen
894 4229 952 4295 per
973 4207 1133 4275 vntutem
1156 4207 1233 4272 solis
1256 4210 1374 4274 educta
1397 4220 1447 4276 est
1478 4214 1514 4276 in

464 4336 596 4401 oorpore
640 4313 729 4378 lunae
774 4311 815 4375 de
860 4307 1010 4396 potentio
1056 4309 1212 4375 materiae.
1276 4311 1321 4377 Et
1358 4312 1427 4379 haeo
1464 4320 1515 4380 est

503 4553 630 4659 lopplioo]
667 4592 737 4655 Opus
761 4590 853 4656 Msjns,
875 4606 899 4655 p.
924 4590 962 4639 76.
1050 4587 1329 4659 'DePropriaetntibus]
1344 4592 1514 4646 SeoVinoen·

500 4673 616 4748 wilfert]
634 4671 741 4731 differet
748 4672 777 4723 Τ.
1017 4671 1067 4722 tius
1077 4670 1255 4736 Bollmsonm.
1268 4673 1340 4740 Spes
1352 4674 1411 4727 Nae
1423 4692 1466 4727 xv.
1475 4682 1497 4727 9.
