3586 5640
454 767 519 834 300
833 781 962 834 nconnr
984 780 1131 834 naccum
1413 763 1514 850 [car.

452 959 595 1044 riperct;
618 963 653 1024 et
668 958 889 1046 expergefacti
911 958 986 1024 aliis
1000 957 1197 1044 quibusdam
1212 957 1318 1023 modis
1332 960 1509 1044 stuporem

452 1061 558 1126 somni
581 1061 866 1147 confusionemque
888 1063 1085 1148 purgabant.

497 1164 581 1229 Haec
610 1164 721 1249 itaque
751 1163 869 1240 omnia,
893 1168 933 1228 ut
963 1164 1011 1228 ait
1038 1163 1182 1242 Boetius,
1207 1163 1388 1229 docuerunt
1418 1162 1510 1249 sapi-

452 1270 552 1345 entes,
577 1266 655 1350 quia
685 1265 851 1330 sciverunt
881 1266 969 1350 quod
993 1270 1066 1330 tota
1090 1266 1210 1332 animae
1240 1270 1362 1331 nostrae
1391 1285 1509 1350 corpo-

451 1367 560 1454 risque
583 1389 739 1455 compago
761 1367 886 1432 musica
900 1367 1122 1454 compactione
1143 1367 1317 1454 conjuncta
1338 1367 1404 1447 sit3
1426 1388 1510 1431 nam

452 1475 492 1535 ut
519 1492 587 1536 sese
618 1470 755 1536 affectus
786 1469 928 1557 corporis
960 1468 1094 1551 habent,
1127 1471 1176 1536 ita
1207 1475 1243 1536 et
1265 1469 1377 1557 pulsus
1399 1469 1512 1535 cordis

452 1573 596 1638 motibus
618 1572 808 1638 incitantur.

311 1713 324 1746 ι
365 1697 373 1747 i
417 1727 428 1738 -
496 1674 562 1741 Sed
589 1696 657 1740 non
684 1674 789 1741 solum
816 1673 919 1739 animi
946 1673 1051 1740 nostri
1078 1672 1300 1740 immutantur
1326 1673 1509 1739 secundum

303 1780 319 1813 ⁰
451 1779 686 1865 proprietatem
713 1778 845 1844 musica
871 1777 1060 1855 harmonia,
1089 1776 1191 1842 immo
1214 1776 1319 1842 Varro
1346 1776 1509 1864 peritisgi.

450 1902 524 1946 mus
553 1881 747 1946 Latinorum
777 1879 872 1945 docet
905 1901 964 1967 per
996 1879 1136 1945 musicas
1170 1879 1397 1945 consonantias
1431 1877 1508 1944 bee-

451 1984 515 2049 tiaa
565 1983 680 2063 sedari,
723 1987 897 2070 serpentes,
946 1982 1104 2064 volucres,
1150 1980 1321 2070 delphinos
1367 1980 1506 2047 attrahi.

451 2085 580 2152 Scimus
621 2086 709 2151 enim
743 2107 802 2172 per
847 2084 1082 2171 experientiam
1119 2084 1207 2171 quod
1237 2084 1326 2149 cervi
1363 2089 1398 2149 et
1425 2082 1503 2149 aliae

451 2189 628 2274 sylvestres
664 2188 779 2253 bestiae
817 2186 1012 2273 confugiunt
1048 2186 1091 2251 ad
1124 2207 1242 2251 sonum
1275 2184 1431 2272 cythara,
1468 2191 1507 2251 et

450 2289 581 2371 vidulae,
605 2295 640 2354 et
667 2290 806 2354 aliorum
828 2289 1146 2368 instrumentorum
1175 2291 1210 2353 et
1236 2288 1313 2373 equi
1335 2287 1378 2352 ad
1400 2286 1507 2352 auda·

451 2392 544 2471 ciam,
568 2397 603 2456 et
630 2391 842 2468 ferocitatem,
866 2394 901 2455 et
927 2390 1080 2456 bellicum
1108 2389 1266 2469 animum,
1290 2412 1349 2476 per
1378 2389 1505 2454 instru-

450 2498 562 2558 menta
582 2493 751 2557 musicalia
777 2492 990 2557 concitantur.
1051 2491 1098 2557 Et
1119 2513 1198 2557 aves
1220 2491 1412 2557 cantatrices
1434 2511 1506 2556 non

450 2593 554 2658 solum
578 2594 613 2658 in
635 2615 695 2658 aua
717 2593 887 2658 harmonia
918 2592 1124 2659 delectantur
1168 2593 1226 2658 sed
1258 2592 1409 2657 humana
1455 2591 1506 2659 Et

450 2695 595 2782 delphini
629 2717 730 2761 naves
764 2698 1004 2782 persequuntur
1036 2699 1171 2782 propter
1202 2695 1360 2760 musicam
1393 2693 1507 2760 dulce·

450 2798 583 2879 dinem,
606 2803 641 2863 et
662 2819 794 2885 serpens
815 2818 956 2882 nequam
979 2796 1161 2864 delectatur
1182 2801 1218 2863 et
1238 2797 1437 2862 mansuescit
1460 2797 1505 2862 ad

449 2900 632 2966 melodiam.
672 2900 717 2966 Et
739 2901 768 2965 si
790 2901 860 2966 haec
882 2899 993 2966 omnia
1015 2900 1051 2964 in
1070 2899 1259 2965 hominibus
1282 2899 1374 2964 etin
1395 2897 1507 2964 brutis

448 3004 571 3070 videris
602 3002 774 3091 adimpleri
790 2999 859 3090 ¹per
891 3002 1044 3089 vulgatas
1074 3002 1290 3068 melodiarum
1323 3002 1508 3068 suavitates

448 3111 483 3174 et
505 3108 727 3172 instrumenta
759 3105 953 3186 communia,
990 3105 1070 3191 quid
1101 3105 1166 3170 erit
1194 3104 1232 3185 si,
1260 3104 1363 3191 juxta
1384 3103 1505 3170 ultima

446 3207 542 3273 istius
565 3209 710 3275 scientiae
733 3230 860 3285 arcana,
884 3208 1002 3273 fierent
1023 3209 1244 3273 instrumenta
1267 3207 1433 3293 exquisita
1466 3213 1503 3273 et

445 3311 624 3376 harmoniae
648 3310 861 3391 electissimae,
876 3331 951 3375 oum
966 3309 1140 3376 excellenti
1163 3310 1328 3375 suavitate
1350 3308 1503 3395 rhythmi

444 3417 479 3477 et
509 3412 615 3489 metri,
639 3417 679 3476 ut
706 3433 817 3477 omnes
852 3417 963 3499 partes
990 3413 1121 3478 nrusicae
1154 3413 1190 3477 in
1212 3433 1316 3477 unum
1345 3411 1499 3477 effectum

445 3513 674 3580 delectationis
697 3515 877 3600 perfectum
900 3515 1135 3581 convenirentl
1186 3514 1284 3581 Certe
1307 3519 1501 3602 raperentur

443 3616 544 3682 bruta
573 3617 610 3681 in
636 3637 767 3681 omnem
796 3615 1004 3682 voluntatem
1032 3622 1186 3695 nostram,
1216 3621 1256 3681 ut
1282 3638 1384 3682 manu
1406 3639 1499 3704 cape·

443 3725 564 3798 rentur,
598 3719 782 3806 stupefacta
821 3724 855 3784 et
896 3741 1049 3806 oppressa
1085 3719 1189 3784 nimia
1225 3719 1397 3785 suavitate.
1451 3718 1500 3785 Et

442 3823 593 3888 similiter
619 3822 789 3888 hominum
816 3821 919 3886 animi
946 3822 982 3886 in
1005 3822 1185 3906 quemlibet
1218 3823 1357 3909 gradum
1393 3821 1495 3887 devo·

443 3926 543 3991 tionis
586 3931 788 4013 raperentur,
833 3929 867 3989 et
904 3924 941 3988 in
978 3924 1111 4011 plenum
1149 3923 1324 4011 cujuslibet
1359 3923 1497 3989 virtutis

442 4050 586 4098 amorem
610 4028 846 4107 excitarentur,
870 4031 905 4092 et
927 4025 964 4091 in
986 4048 1117 4092 omnem
1148 4025 1326 4091 sanitatem
1350 4031 1384 4091 et
1405 4027 1497 4112 vigo-

443 4153 518 4196 rem.
566 4130 632 4196 Sed
655 4130 732 4216 quia
754 4130 824 4195 haec
846 4130 979 4196 musicae
1001 4132 1147 4216 potestas
1167 4150 1236 4194 non
1258 4132 1309 4194 est
1331 4133 1495 4210 consueta,

443 4254 504 4298 nec
526 4233 646 4318 vulgus
668 4232 968 4319 philosophantium
990 4231 1034 4297 ad
1062 4230 1132 4297 haec
1158 4232 1289 4318 aspirat,
1312 4253 1373 4296 nee
1394 4229 1495 4295 libros

443 4335 658 4419 antiquorum
697 4335 883 4421 sapientum
919 4333 1072 4413 revolvit,
1110 4354 1171 4400 nee
1207 4355 1241 4399 se
1279 4332 1493 4421 experientiae
1570 4318 1576 4327 ’

445 4435 598 4523 diligenti
625 4435 840 4515 commendat,
863 4436 937 4502 ideo
964 4456 1032 4501 non
1059 4440 1138 4501 sunt
1165 4434 1279 4501 multis
1305 4441 1393 4511 nota,
1418 4457 1493 4520 quae

445 4538 565 4625 scripsi.
626 4535 692 4603 Sed
726 4542 837 4604 tamen
871 4537 1042 4606 verissima
1075 4541 1111 4604 et
1143 4536 1185 4604 ab
1217 4535 1307 4603 omni
1345 4537 1493 4624 sapiente

442 4639 634 4727 recipienda
