3294 5744
377 803 443 867 394
750 814 879 864 socam
910 813 1057 862 sacoma
1335 794 1424 881 [111.

420 990 585 1070 Quoniam
616 1012 696 1055 vero
730 991 877 1054 homiues
912 989 1088 1075 negligimt
1120 987 1323 1052 considerare
1355 987 1426 1053 11111

375 1098 527 1178 quatuor,
550 1097 584 1156 11
617 1114 745 1178 semper
777 1092 830 1155 his
863 1092 982 1177 spretis
1028 1091 1147 1155 volunt
1186 1090 1315 1177 ingredi
1354 1090 1427 1154 vias

375 1194 556 1281 sapientiae,
594 1199 630 1259 et
660 1199 866 1280 praesumunt
896 1194 1064 1280 magmralia
1097 1193 1168 1278 ejus
1205 1193 1328 1272 rimari,
1366 1214 1427 1258 nec

376 1297 496 1362 volunt
528 1296 667 1363 verbum
690 1318 750 1361 nec
781 1297 941 1383 scriptum
974 1296 1016 1360 de
1051 1296 1104 1360 his
1135 1300 1280 1380 quatuor
1311 1295 1427 1360 audire

375 1398 430 1465 vel
462 1398 585 1479 videre,
631 1398 706 1464 ideo
752 1399 863 1463 nullus
895 1397 963 1463 fera
1000 1397 1154 1484 pervenit
1192 1396 1235 1462 ad
1281 1396 1427 1483 aliquam

378 1501 557 1588 Sapientiae
594 1501 801 1588 dignitatem.
861 1501 1087 1566 Necessarium
1117 1500 1220 1586 igitur
1246 1500 1358 1586 judico
1388 1506 1429 1564 ut

377 1605 446 1671 haec
469 1610 610 1690 quatuor
632 1604 871 1669 consideremus
893 1603 930 1667 11
951 1602 1120 1689 principio.

210 1710 348 1791 whyyis-
423 1706 538 1773 Oausae
561 1728 640 1772 vero
662 1712 697 1772 11
719 1707 863 1771 rationes
885 1707 983 1791 primi
1006 1705 1124 1770 horum
1147 1709 1289 1791 quatuor
1311 1711 1429 1792 patent

209 1780 358 1913 mg,
376 1809 414 1874 iu
435 1830 564 1874 summa
585 1830 644 1896 per
675 1815 825 1894 quatuor,
860 1807 1016 1873 videlicet
1047 1829 1106 1894 per
1136 1808 1323 1873 naturalem
1356 1829 1428 1895 per-

211 1911 252 1962 ὼ

318 1975 322 1983 ,
377 1912 574 1999 pctuitatem
604 1911 745 1976 hominis
774 1917 923 1998 respectu
952 1909 1130 1997 sapientiae.
1184 1908 1307 1977 011111
1340 1912 1430 1976 enim

378 2014 534 2092 homines,
551 2020 590 2080 ut
609 2013 805 2079 Aristoteles
828 2014 909 2080 dicit
930 2013 966 2078 in
989 2012 1149 2100 principio
1170 2012 1429 2100 Metapbysicae,¹

379 2125 398 2154 ‘⁸
421 2117 552 2183 Natura
589 2117 669 2182 scire
706 2114 921 2182 desiderant.''
967 2115 1010 2180 In
1047 2116 1109 2181 hoc
1145 2115 1234 2181 enim
1266 2116 1377 2181 differt
1410 2137 1432 2181 a

378 2219 486 2284 brutis
508 2219 697 2283 differentia
718 2219 871 2283 naturali

424 2320 640 2386 Pulchritudo
673 2320 774 2385 etiam
797 2318 968 2406 sapientiae
997 2319 1177 2387 ineffabilis
1206 2319 1309 2387 habet
1331 2325 1429 2388 natu·

378 2424 493 2489 raliter
522 2426 562 2487 ut
584 2423 681 2508 plena
703 2422 921 2488 admiratione
944 2422 1072 2488 animos
1095 2430 1225 2490 nostros
1247 2423 1373 2490 alliciat
1395 2430 1431 2490 et

379 2525 564 2613 suspendat
621 2523 762 2590 Utilitas
785 2524 855 2610 ejus
887 2532 1003 2612 suapte
1038 2531 1161 2592 natura
1183 2525 1347 2595 indicibili
1369 2547 1430 2592 nos

379 2628 467 2715 rapit
488 2627 525 2692 in
546 2648 642 2692 suum
665 2648 816 2691 amorem.
862 2627 1112 2713 Magnificentia
1134 2628 1203 2715 ejus
1226 2635 1261 2694 11
1276 2628 1431 2716 dignitas,

379 2731 503 2796 virtute
526 2729 667 2809 infinita,
690 2750 750 2795 nos
772 2729 860 2817 cogit
882 2729 953 2815 ejus
975 2729 1125 2817 vestigiis
1149 2728 1323 2812 adhaerere,
1346 2732 1433 2798 sicut

379 2856 398 2900 a
434 2832 598 2899 contrario
629 2832 819 2920 ignorantia
851 2830 922 2918 ejus
955 2833 1091 2898 animali
1120 2832 1286 2914 rationali,
1316 2830 1353 2899 id
1382 2839 1433 2900 est

379 2936 514 3017 homini,
541 2934 736 3001 innaturalis
766 2939 838 3016 est3
869 2934 948 3021 quia
977 2935 1084 3001 omnis
1114 2935 1302 3023 ignorantia
1331 2957 1353 3002 a
1381 2958 1433 3003 ra·

380 3039 472 3105 tione
494 3038 616 3119 deviat,
637 3042 672 3104 11
693 3037 866 3124 turpitudo
888 3037 1005 3104 erroris
1027 3043 1078 3104 est
1098 3036 1276 3122 horribilis,
1298 3038 1433 3127 ejusque

380 3141 537 3208 sterilitas
571 3147 621 3207 111
652 3140 747 3206 nobis
778 3138 987 3220 infructuosa,
1019 3140 1184 3221 damnosa,
1214 3147 1251 3208 11
1282 3141 1433 3230 periculis

380 3243 533 3310 omuibus
569 3264 630 3309 nos
668 3241 846 3329 implicans.
896 3241 1081 3329 Vilitaaque
1119 3242 1330 3332 indignitatis
1363 3245 1432 3330 ejus

380 3345 547 3411 hominem
570 3344 660 3410 omni
682 3345 795 3433 vigore
818 3342 996 3411 ethonore
1027 3344 1189 3427 destituit,
1213 3353 1248 3412 11
1269 3345 1433 3413 annihilat

381 3448 485 3513 totius
514 3435 656 3513 humani
673 3448 802 3536 generis
825 3448 1031 3534 dignitatern.
1077 3448 1242 3536 Quicquid
1263 3449 1352 3515 enim
1374 3471 1433 3515 na-

382 3550 489 3616 111111
521 3550 648 3617 homini
682 3555 741 3629 est,
775 3548 931 3638 quicquid
961 3550 1124 3632 decorum
1156 3551 1312 3638 quicquid
1342 3552 1434 3635 utile,

381 3652 539 3739 quicquid
560 3652 780 3741 magnificum,
803 3675 861 3719 seu
890 3652 927 3716 in
957 3653 1019 3720 hac
1047 3653 1194 3731 materia,
1218 3676 1277 3721 seu
1299 3655 1336 3720 in
1358 3656 1433 3738 alia,

381 3760 492 3822 totum
522 3757 612 3822 valet
649 3778 708 3842 per
744 3756 939 3842 sapientiam
976 3756 1127 3843 acquiri3
1162 3761 1196 3822 11
1233 3758 1434 3823 contrarium

382 3878 470 3924 nuno
503 3858 599 3924 dictis
636 3878 695 3945 per
731 3858 803 3925 vias
836 3854 1007 3946 sapientiae
1038 3856 1226 3926 excluditur
1263 3859 1436 3928 efficaciter

382 3965 418 4027 11
439 3965 597 4048 potenter.
1430 3952 1433 3957 ⁴

427 4062 521 4129 Adeo
559 4068 656 4129 11111
692 4062 828 4130 virtutis
864 4066 915 4129 111
951 4062 1120 4151 sapientia,
1160 4063 1249 4152 quod
1285 4064 1435 4135 hominos

384 4166 530 4252 perversi
569 4171 603 4232 11
640 4166 834 4254 insipientes
872 4165 976 4246 corde,
1008 4167 1066 4252 qui
1097 4174 1241 4253 quatuor
1278 4170 1435 4256 praedicta

384 4266 473 4334 dona
509 4269 717 4353 sapientialia
753 4269 909 4334 nituntur
946 4269 1116 4355 adquirere
1157 4292 1215 4357 per
1251 4272 1323 4336 vias
1360 4293 1436 4337 con·

388 4368 509 4435 trarias
541 4369 723 4456 sapientiae,
757 4374 869 4438 tamen
905 4369 968 4436 cub
1002 4370 1108 4458 specie
1139 4370 1220 4457 ejus,
1257 4376 1293 4439 at
1322 4372 1434 4456 titulo,

769 4690 777 4721 ¹
788 4688 979 4758 Metaplyaicoe]
991 4688 1008 4744 i.
1023 4693 1045 4742 11
