3586 5640
305 814 358 900 rs]
650 791 884 877 conrnunmu
906 827 1029 877 srunu.
1290 813 1353 876 411

304 1004 448 1068 maxime
470 1008 548 1068 sunt
581 1008 695 1069 contra
727 1004 864 1068 humani
897 1001 1026 1089 generis
1058 1001 1264 1088 dignitatem
1311 1001 1358 1066 Et

305 1105 351 1170 ibi
375 1105 456 1171 dicit
477 1105 530 1171 hae
553 1105 785 1171 delectationes
817 1109 897 1170 sunt
919 1103 1060 1191 propriae
1082 1104 1256 1170 brutorum
1287 1101 1359 1167 ani-

305 1208 447 1274 malium.
516 1207 652 1274 Nullam
694 1209 783 1274 enim
826 1207 983 1273 animalia
1019 1205 1272 1272 delectationem
1308 1227 1358 1270 re·

306 1309 444 1395 quirunt
464 1310 530 1376 nisi
560 1316 677 1398 gustus
698 1315 734 1377 et
756 1315 885 1391 tactue3
919 1309 1048 1396 quiesi
1073 1309 1221 1374 habeant
1241 1307 1360 1388 visum

307 1412 471 1490 olfactum,
494 1423 529 1478 et
561 1415 722 1492 auditum,
757 1436 824 1480 non
857 1419 971 1479 tamen
1002 1411 1208 1478 delectentur
1240 1412 1277 1475 in
1309 1410 1362 1475 his

307 1513 371 1579 nisi
394 1519 527 1604 propter
548 1522 684 1604 grutam
715 1521 750 1583 et
779 1521 919 1582 tactum.
976 1513 1079 1581 Videt
1109 1515 1197 1581 enim
1226 1513 1362 1580 brutum

308 1616 431 1680 animal
453 1617 595 1698 herbam,
618 1623 653 1684 et
675 1618 796 1696 olfacit,
820 1619 879 1683 sed
900 1625 1034 1705 propter
1064 1620 1208 1704 girstum.
1261 1615 1363 1682 Videt

308 1728 343 1784 et
374 1719 469 1785 audit
501 1721 679 1800 foeminam,
703 1727 738 1787 et
768 1721 905 1786 festinat
937 1721 980 1785 ad
1011 1741 1085 1785 eam
1115 1723 1250 1806 propter
1287 1739 1363 1783 oon·

303 1819 511 1905 junctionem
537 1823 728 1890 naturalem.
784 1821 869 1889 Oum
900 1822 1005 1909 igitur
1035 1823 1133 1887 homo
1166 1820 1363 1887 natiualiter

310 1923 422 1989 differt
458 1948 479 1989 a
515 1925 632 2007 brutis,
656 1925 821 1991 concludit
852 1926 1001 2013 egregiae
1032 1924 1245 2012 philosophus
1276 1923 1364 2010 quod

310 2027 454 2093 maxime
477 2033 592 2095 contra
613 2034 768 2094 naturam
791 2050 884 2092 suam
905 2027 989 2092 facit
1011 2026 1118 2105 homo,
1143 2032 1177 2092 et
1201 2027 1363 2114 praecipue

309 2130 490 2214 culpandus
512 2136 563 2196 est
586 2152 689 2216 quum
712 2129 786 2195 istis
809 2129 1083 2196 delectationibus
1102 2128 1297 2195 bestialibus
1328 2150 1363 2194 se

310 2230 458 2297 inclinat.
505 2233 551 2298 Et
581 2238 762 2319 propterea,
787 2253 861 2298 eum
893 2253 952 2319 per
983 2232 1180 2318 sapientiam
1215 2231 1364 2298 distata

310 2333 426 2410 brutis,
465 2334 610 2399 maxime
642 2338 808 2421 repugnat
842 2333 1014 2420 sapientire
1048 2332 1224 2398 delectatio
1246 2333 1364 2420 volup·

310 2435 398 2499 tatis.
445 2435 491 2500 Et
521 2435 622 2501 infert
643 2437 774 2524 signum
804 2437 848 2502 ad
880 2436 949 2515 hoc,
983 2436 1071 2522 quod
1097 2434 1238 2520 juvenes
1260 2457 1363 2522 quum

311 2537 418 2621 primo
452 2538 665 2604 luxuriantur
701 2538 968 2604 verecundantur
1012 2537 1218 2604 naturaliter.
1266 2539 1363 2618 Quod

311 2661 378 2704 non
402 2646 584 2706 occurreret
614 2641 660 2706 eis
684 2641 749 2706 nisi
772 2641 861 2727 quod
891 2640 1024 2706 luxuria
1046 2645 1097 2706 est
1129 2647 1244 2708 contra
1264 2647 1363 2707 natu-

311 2741 412 2806 ralem
422 2743 619 2830 dignitatem
635 2742 814 2808 hominum.
861 2742 962 2809 Unde
979 2743 1126 2809 membra
1138 2744 1196 2808 illa
1210 2744 1361 2822 verenda,

309 2865 435 2910 necnon
472 2851 508 2912 et
544 2845 740 2933 pudibunda
784 2845 903 2911 merito
946 2849 1190 2932 nuncupantur,
1230 2851 1363 2931 propter

311 2947 399 3033 quod
426 2947 575 3013 homines
598 2948 702 3035 magis
725 2951 880 3032 quaerunt
901 2945 1055 3024 latebras,
1080 2946 1117 3010 in
1139 2945 1200 3010 hoe
1221 2951 1361 3031 peccato,

311 3071 410 3133 quam
432 3049 469 3115 in
492 3049 574 3126 eliis,
599 3055 634 3114 et
666 3050 773 3136 magis
806 3047 1071 3115 verecundantur
1104 3047 1277 3129 confiteri;
1313 3047 1364 3112 ita

310 3151 399 3236 quod
416 3151 477 3216 vix
496 3151 614 3217 ultimo
635 3155 712 3238 post
734 3149 846 3215 omnia
868 3154 1001 3236 peccata
1023 3171 1084 3215 sua
1101 3147 1232 3215 extrahi
1254 3153 1363 3236 potest

311 3255 479 3337 peccatum
511 3252 652 3318 luxuriae
689 3251 733 3317 ab
764 3273 819 3317 ore
853 3273 974 3329 eorum,
1003 3251 1061 3337 qui
1098 3251 1365 3319 verecundantur

311 3354 516 3435 naturaliter,
542 3364 701 3440 tanquam
723 3355 829 3442 magis
862 3354 908 3419 sit
939 3353 1115 3441 indignum
1147 3355 1282 3422 cuilibet
1303 3354 1365 3421 hoc

309 3460 488 3542 peccatum,
528 3477 627 3543 quam
664 3457 792 3542 aliquid
828 3457 921 3523 aliud
957 3462 1135 3545 peceatum.
1196 3458 1242 3524 Et
1277 3463 1365 3525 certe

311 3581 403 3624 senes
425 3559 570 3624 maxime
585 3558 798 3647 vituperandi
820 3565 906 3637 sunt,
938 3566 974 3625 et
999 3562 1145 3626 maxime
1167 3561 1366 3627 erubescant

311 3661 508 3727 naturaliter
530 3683 564 3725 se
587 3661 780 3748 reprehendi
802 3662 838 3728 in
860 3663 922 3727 hoc
943 3669 1084 3749 peceato,
1108 3667 1143 3728 et
1165 3662 1225 3729 vix
1247 3662 1366 3728 volunt

313 3764 469 3842 confiteri,
509 3764 611 3829 immo
644 3764 742 3829 multi
766 3764 915 3851 pluribus
937 3765 1034 3831 annis
1065 3787 1133 3831 non
1155 3765 1364 3844 confitentur,
1446 3757 1447 3762 ¹

312 3867 393 3952 quia
413 3867 518 3954 magis
538 3865 714 3953 indignum
739 3873 790 3932 est
812 3866 890 3946 seni,
915 3889 1014 3953 quam
1036 3868 1161 3954 juveni.
1215 3867 1304 3932 Nam
1326 3870 1367 3935 ut

311 3970 361 4034 ait
396 3968 520 4036 Seneca
559 3969 659 4035 tertio
701 3969 989 4036 Declamationum
1027 3969 1120 4048 libro,
1167 3969 1366 4038 Adolescens

310 4072 498 4139 luxuriosae
529 4076 650 4160 peccat,
690 4093 791 4137 senex
828 4071 1015 4138 luxuriosus
1044 4071 1177 4151 insanit,
1211 4075 1366 4159 quoniam

317 4177 493 4242 senectutis
538 4176 637 4242 decus
674 4174 782 4262 perit;
830 4179 865 4241 et
909 4175 1164 4242 adolescentiam
1204 4176 1366 4261 juvenum

315 4279 604 4367 impudentiorem,
627 4282 668 4344 ut
690 4276 823 4366 pulchre
847 4276 931 4344 dicti
961 4276 1115 4346 Senecae¹
1150 4277 1264 4347 Cicero
1293 4280 1366 4348 red·

322 4508 567 4521 ...ψ-...αωη-..ι-ιι-
574 4507 603 4517 ω..
