3586 5640
452 757 518 821 316
834 768 964 818 nocam
986 765 1133 817 mcorrs

285 946 431 1024 tylatpor-
451 943 622 1008 lohannes
645 946 754 1027 potest
784 943 929 1008 remedia
951 942 1064 1027 aliqua
1085 941 1248 1022 exhibere,
1271 943 1373 1009 immo
1396 947 1538 1031 operia

285 1014 412 1143 {22¹2}ss
451 1045 554 1109 totius
576 1044 762 1130 praelibatio
779 1043 851 1129 jam
874 1044 1011 1130 digesta
1058 1043 1104 1108 Et
1118 1065 1185 1109 non
1207 1045 1314 1109 solum
1336 1045 1407 1112 haec
1431 1047 1515 1130 duo,

286 1145 428 1207 Mssjwhe
451 1147 507 1211 sed
533 1147 662 1211 cautela
685 1147 817 1231 legendi
839 1147 987 1211 studium
1010 1145 1179 1212 excitabit.
1229 1147 1393 1226 Quoniam
1417 1149 1516 1216 enim

284 1211 440 1327 ffiffim‘
452 1247 611 1313 identitas
634 1252 741 1312 mater
772 1253 823 1312 est
845 1247 1010 1312 satietatis
1032 1247 1161 1333 placeat
1183 1247 1365 1314 dominatio
1389 1271 1514 1335 quam-

284 1343 408 1460 m‘ffl·
452 1348 536 1414 libet
566 1356 694 1435 partem
729 1349 903 1435 degustare
941 1349 1044 1414 donec
1074 1349 1211 1414 taedium
1241 1357 1421 1437 generetur
1432 1377 1442 1432 ;
1474 1360 1516 1421 et

283 1424 316 1472 ΡΟ
451 1451 495 1516 ad
516 1451 582 1515 alia
604 1451 810 1536 pertransire,
833 1456 873 1515 ut
895 1450 1076 1517 secundum
1098 1451 1245 1517 Plinium
1272 1452 1419 1519 varietas
1442 1454 1514 1521 fus-

451 1551 535 1618 tidio
563 1552 703 1639 legentis
726 1551 905 1617 medeatur.
951 1551 998 1616 Et
1020 1554 1184 1640 praecipue
1207 1553 1350 1634 meliora,
1375 1561 1410 1621 et
1433 1558 1513 1643 pul·

450 1653 585 1733 chriora,
616 1675 654 1718 ac
684 1652 886 1718 mirabiliora
915 1654 1041 1719 caeteris
1072 1660 1151 1719 sunt
1178 1655 1324 1742 legenda
1374 1657 1428 1723 De
1455 1659 1513 1726 bis

450 1777 530 1822 vero
554 1757 682 1822 aestimo
708 1755 850 1820 multum
876 1755 916 1820 de
946 1757 1052 1841 prima
1082 1760 1185 1842 parte,
1209 1763 1244 1823 et
1274 1763 1383 1823 totum
1415 1761 1513 1844 quod

451 1863 502 1923 est
539 1858 575 1923 in
613 1858 731 1944 quinta
768 1863 871 1943 parte,
896 1857 975 1943 quia
1000 1863 1080 1922 sunt
1117 1858 1229 1924 electae
1260 1860 1420 1925 veritates
1443 1862 1512 1928 im·

450 1961 625 2025 mediatius
649 1961 691 2024 ad
715 1959 856 2024 salutem
871 1958 1083 2045 pertinentes.
1132 1959 1178 2025 Et
1200 1983 1259 2046 per
1284 1960 1346 2026 hoc
1360 1961 1397 2026 in
1412 1965 1510 2030 omni

449 2062 631 2143 collatione,
648 2068 682 2128 et
696 2061 876 2149 paratione,
894 2065 928 2152 et
950 2060 1159 2147 persuasione
1182 2067 1293 2148 potest
1307 2063 1425 2128 haberi
1448 2086 1510 2130 ex-

449 2165 593 2250 emplum
609 2164 663 2229 vel
677 2163 863 2240 auctoritas,
880 2168 915 2228 et
929 2162 1092 2248 praecipue
1115 2161 1314 2251 principium
1331 2165 1504 2251 septimae¹

449 2267 555 2350 partis
579 2265 748 2351 usquead
778 2270 959 2330 tractatum
991 2263 1041 2328 De
1072 2263 1137 2328 Ira.
1193 2264 1239 2329 Et
1269 2271 1390 2351 quarta
1416 2289 1508 2354 pars,

451 2387 525 2450 quae
560 2372 610 2431 est
637 2367 688 2431 De
718 2366 822 2432 Sectis
856 2371 891 2431 et
923 2365 974 2430 De
1009 2364 1223 2431 Sacramenta
1253 2367 1391 2447 Altaria,
1423 2375 1509 2436 sunt

451 2465 648 2533 Christianis
670 2466 916 2545 consideranda,
932 2472 1095 2552 quatenus
1119 2467 1274 2548 rationes,
1290 2471 1452 2557 exempla,
1469 2477 1508 2539 et

450 2569 660 2634 auctoritates
690 2568 775 2634 circa
809 2569 893 2632 iram
931 2568 1066 2654 dignam
1097 2591 1270 2635 commune
1299 2571 1349 2636 ait
1375 2572 1508 2658 sapien·

450 2669 539 2734 tiam.
601 2670 645 2736 Et
683 2669 835 2735 similiter
871 2674 1035 2736 tractatus
1074 2669 1125 2735 De
1163 2671 1333 2736 Patientia
1370 2672 1506 2740 Adver-

450 2773 618 2839 sariorum.
666 2772 711 2837 Et
741 2771 825 2837 facio
854 2773 949 2858 signa
978 2772 1014 2835 in
1043 2771 1209 2857 aliquibus
1239 2772 1317 2838 locis
1351 2773 1504 2857 utilibus,

449 2879 489 2940 ut
512 2876 622 2961 aliqua
644 2879 804 2940 notentur
825 2874 854 2938 si
876 2878 984 2940 totum
1007 2873 1074 2960 legi
1097 2896 1165 2939 non
1186 2879 1304 2960 potest.

493 2976 655 3042 Similiter
687 2999 763 3064 pars
801 2976 908 3062 prima
939 2976 1090 3041 secundae
1124 2977 1237 3063 partis,
1264 2976 1409 3043 maxime
1443 2980 1504 3045 ubi

446 3081 630 3145 revolvitur
656 3079 794 3144 historia
825 3078 865 3142 de
896 3077 1100 3163 sapientibus
1130 3100 1151 3141 a
1181 3078 1298 3143 mundi
1328 3079 1502 3166 principia,

446 3185 486 3244 ut
508 3182 647 3245 sciamus
671 3180 758 3266 quod
781 3180 816 3243 in
840 3179 991 3243 omnibus
1016 3179 1133 3244 fratres
1156 3179 1342 3258 habeamus,
1366 3187 1436 3246 tam
1464 3184 1502 3250 in

445 3281 650 3367 philosophia
676 3305 775 3367 quam
806 3281 841 3343 in
869 3280 1041 3366 theologia,
1068 3302 1149 3365 quos
1178 3281 1304 3347 imitari
1334 3282 1500 3351 debemus

446 3380 534 3445 Nam
561 3382 658 3447 aliter
680 3383 786 3447 multa
816 3382 1007 3446 viderentur
1035 3382 1114 3447 ficta
1145 3404 1213 3447 esse
1237 3404 1295 3469 per
1318 3384 1501 3453 humanum

445 3505 597 3548 sensum:
630 3485 716 3549 sicut
740 3487 818 3548 sunt
849 3483 905 3548 illa
936 3505 1009 3569 quae
1043 3484 1080 3548 in
1106 3484 1199 3549 libris
1231 3485 1499 3572 philosophorum

444 3587 653 3672 reperiuntur
676 3587 718 3651 de
742 3585 884 3662 Christo,
910 3586 981 3650 vita
1007 3589 1141 3665 aterna,
1167 3591 1201 3651 et
1228 3586 1418 3673 hujusmodi
1441 3612 1500 3656 ve·

443 3688 598 3753 ritatibus
620 3688 812 3774 theologiae3
834 3693 935 3772 atque
959 3688 999 3752 do
1021 3688 1149 3753 indiciis
1175 3688 1371 3769 futurorum,
1397 3695 1432 3755 et
1457 3678 1522 3759 dc

443 3791 594 3876 operibus
609 3789 825 3866 astronomiae,
842 3795 877 3854 et
898 3788 1064 3875 alkymiae,
1080 3795 1114 3856 et
1135 3791 1281 3857 scientiae
1295 3791 1499 3878 experimen·

443 3893 527 3971 talis,
552 3915 625 3979 quae
651 3891 840 3957 hominibus
867 3892 1027 3978 imperitis
1051 3892 1208 3957 videntur
1230 3914 1299 3958 esse
1332 3897 1392 3958 aut
1414 3893 1498 3960 falsa

442 4001 502 4061 aut
528 3997 665 4083 indigna
690 3994 895 4061 Christianis.
951 3995 996 4059 Et
1020 3995 1055 4058 in
1082 3995 1142 4059 hac
1167 3994 1378 4061 distinctione
1402 4017 1494 4083 mag·

440 4119 522 4162 num
544 4104 673 4184 tempus
695 4097 897 4183 exigebatur.
944 4096 1033 4160 Nam
1057 4097 1204 4183 oportuit
1224 4097 1337 4163 videre
1362 4097 1496 4164 infinita

441 4199 534 4282 quasi
558 4222 632 4285 quae
658 4200 768 4264 nullus
795 4198 918 4284 legeret
943 4220 1002 4284 per
1025 4219 1193 4277 mensem3
1220 4198 1305 4264 sicut
1327 4203 1414 4265 certe
1434 4222 1495 4266 nec

441 4320 480 4363 ea
503 4321 575 4383 quae
602 4301 642 4364 de
672 4301 780 4386 prima
803 4305 897 4386 parte
923 4305 958 4365 et
988 4299 1105 4385 quinta
1137 4299 1224 4364 infra
1254 4301 1336 4366 duos
1365 4322 1493 4369 menses

440 4399 559 4484 aliquis
585 4401 688 4485 possit
713 4402 874 4489 colligere,
902 4407 1035 4487 propter
1057 4401 1214 4468 librorum
1241 4407 1275 4468 ct
1299 4404 1492 4469 auctorum²

474 4619 480 4648 ¹
498 4617 616 4682 septima]
630 4617 731 4681 quinta,
740 4618 796 4668 MS.
1021 4617 1176 4683 ²aactorum]
1204 4625 1325 4679 actorum,
1348 4618 1404 4670 MS.
1429 4635 1492 4670 con·

987 4695 1102 4760 tinually.
