3586 5640
278 806 370 895 vrrs]
612 821 844 875 conrnunmss
866 822 994 875 srunra
1264 811 1329 873 485

277 1021 360 1076 cum,
377 1002 498 1086 praeter
521 996 625 1062 LXX.
645 997 849 1083 interpretes,
872 998 929 1083 qui
951 998 1076 1085 lepores
1097 997 1275 1076 dixerunt3
1296 1001 1331 1062 ct

276 1105 389 1166 tamen
419 1100 560 1166 Latinus
599 1100 760 1187 interpres
791 1100 917 1186 primus
951 1100 1047 1187 ponit
1080 1099 1262 1165 herinacios
1295 1100 1332 1163 in

279 1203 400 1268 Latino
422 1225 480 1289 per
503 1223 655 1282 errorem,
682 1202 768 1267 sicut
791 1201 892 1267 LXX
927 1205 1120 1267 erraverunt
1148 1201 1184 1266 in
1214 1201 1332 1288 lepore.

280 1304 368 1371 Nam
407 1304 631 1390 Hieronymus
668 1303 751 1369 dicit
787 1303 824 1367 in
856 1303 914 1368 illa
951 1304 1149 1369 correctione
1181 1302 1333 1369 Psalterii

278 1407 367 1491 quod
402 1410 453 1470 est
486 1405 609 1469 animal
645 1405 751 1471 simile
784 1426 860 1470 urso
894 1408 930 1471 et
960 1406 1056 1487 muri,
1090 1404 1178 1491 quod
1209 1405 1246 1469 in
1280 1428 1333 1471 ca-

277 1507 387 1572 vernis
425 1512 592 1594 petrarum
627 1506 766 1573 habitat
823 1506 985 1574 Similiter
1021 1513 1056 1574 et
1094 1507 1262 1573 cuniculus
1296 1509 1333 1572 in

276 1608 382 1674 foveis
412 1608 544 1675 habitat
577 1609 723 1696 petrosis.
768 1608 814 1675 Et
843 1609 917 1675 ideo
951 1608 1161 1697 chirogrillon
1194 1609 1230 1673 in
1252 1632 1331 1675 xxx.

281 1711 364 1796 [26]
411 1710 507 1776 Prov.
546 1716 597 1776 est
642 1711 820 1789 cuniculus,
858 1711 937 1778 licet
974 1712 1112 1798 antiqua
1157 1711 1332 1777 translatio

279 1812 401 1878 Latine
437 1813 583 1900 posuerit
628 1813 752 1901 lepores
797 1835 856 1900 per
901 1835 1051 1891 errorem,
1091 1813 1178 1898 quod
1215 1814 1332 1879 beatus

279 1913 504 2001 Hieronymus
526 1915 652 1981 dimisit
674 1920 769 1994 stare,
793 1916 878 1980 sicut
900 1915 937 1980 in
952 1913 1110 1980 Psalmis¹
1135 1913 1275 1981 heridis
1296 1916 1333 1981 in

276 2038 336 2081 sua
373 2017 599 2098 translatione,
638 2022 673 2082 et
701 2016 835 2082 infinita
869 2016 945 2096 alia,
977 2038 1018 2082 ne
1055 2016 1206 2082 turbaret
1235 2017 1332 2082 eccle-

266 2118 361 2183 siam
392 2119 497 2184 nimia
525 2119 686 2185 novitate.
746 2118 835 2199 Quia
872 2119 960 2184 enim
998 2122 1134 2184 vocatus
1166 2118 1232 2184 fuit
1264 2141 1332 2184 cor-

278 2224 395 2307 ruptor
417 2219 663 2307 Scripturarum
693 2224 827 2307 propter
857 2241 981 2286 errores
1011 2241 1093 2306 quos
1122 2220 1333 2307 reprehendit

278 2321 315 2385 in
338 2321 556 2387 translatione
578 2322 737 2409 vulgate3
766 2321 850 2400 ideo,
874 2326 914 2387 ut
939 2321 1010 2409 ipse
1034 2321 1123 2400 dicit,
1147 2321 1253 2387 multe
1282 2323 1332 2387 di·

277 2422 371 2487 misit
396 2428 486 2488 stare
516 2429 556 2489 ut
578 2423 720 2504 fuerant,
754 2444 814 2488 nec
847 2421 957 2489 voluit
987 2445 1125 2488 menum
1153 2425 1332 2490 extendere

278 2524 322 2588 ad
350 2524 483 2612 singule.
516 2525 708 2612 corrigenda
719 2548 728 2605 ;
766 2523 854 2610 quod
888 2524 1151 2590 manifestissime
1180 2530 1274 2612 putet
1295 2527 1333 2590 in

277 2625 438 2693 Pselteric
460 2626 519 2692 ubi
551 2626 589 2692 in
618 2625 819 2692 comestione
851 2626 955 2704 docet,
980 2627 1069 2712 quod
1094 2627 1178 2692 illud
1209 2627 1333 2692 animal

274 2733 328 2794 est
372 2728 478 2794 simile
511 2751 587 2794 urso
619 2733 654 2794 et
691 2728 786 2807 muri,
828 2727 909 2794 licet
945 2728 982 2792 in
1019 2750 1080 2793 sua
1116 2729 1333 2794 translatione

276 2832 423 2918 posuerit
456 2829 597 2898 madetis
632 2851 690 2895 seu
727 2827 928 2907 decimariis,
962 2829 1047 2894 sicut
1078 2851 1159 2895 usus
1192 2830 1333 2895 ecclesiae

277 2933 395 3000 habuit
424 2955 467 3000 ex
496 2932 599 3020 priori
627 2931 854 2996 translatione.
916 2929 1094 2996 Possumus
1122 2952 1200 2995 vero
1237 2930 1334 2996 aliter

276 3036 382 3102 locum
397 3035 500 3101 istum
514 3034 656 3122 glossare
671 3032 816 3098 docendo
838 3032 1018 3097 secundum
1033 3030 1201 3096 Plinium⁹
1216 3037 1333 3098 octavo

276 3137 369 3214 libro,
394 3136 483 3221 quod
505 3135 595 3222 apud
616 3136 772 3220 antiquos
793 3153 915 3198 nomen
936 3133 1056 3219 leporis
1080 3137 1131 3199 est
1152 3155 1331 3213 commune,

277 3242 312 3302 et
334 3237 436 3302 habet
459 3236 589 3301 diversa
611 3257 740 3322 genera,
763 3255 903 3321 quorum
928 3233 1097 3300 cuniculus
1126 3257 1230 3300 unum
1259 3242 1333 3318 est;

278 3339 357 3424 quia
379 3338 561 3404 secundum
586 3337 760 3402 veritatem
784 3337 878 3424 lepus
900 3336 1031 3424 proprie
1058 3337 1165 3402 dictus
1188 3343 1222 3404 et
1243 3339 1334 3404 cuni·

278 3441 377 3521 culus,
408 3444 487 3505 sunt
510 3439 631 3504 similia
662 3438 819 3503 animalia
840 3438 946 3517 valde,
972 3443 1008 3504 et
1029 3438 1066 3504 in
1095 3439 1210 3520 colore,
1232 3445 1268 3507 ct
1297 3443 1334 3506 in

277 3541 476 3628 quantitate,
500 3545 535 3606 et
556 3541 673 3627 figura,
696 3545 731 3606 et
754 3544 884 3618 natura,
916 3539 996 3626 quia
1018 3541 1137 3606 timida
1159 3547 1239 3608 sunt
1261 3545 1333 3608 ani-

278 3644 387 3722 malia,
418 3646 453 3707 et
478 3641 602 3706 multas
633 3641 876 3707 communicant
909 3642 1127 3728 proprietates
1155 3645 1332 3725 naturales,

277 3752 313 3812 et
342 3745 417 3811 ideo
449 3743 512 3809 sub
547 3764 616 3808 uno
646 3743 781 3808 nomine
811 3743 956 3829 generali
999 3744 1211 3810 continentur
1241 3745 1332 3831 apud

278 3846 441 3933 antiquos,
472 3844 561 3931 quod
589 3848 640 3910 est
669 3845 770 3932 lepus
821 3844 867 3910 Et
896 3843 971 3910 ideo
1000 3844 1165 3910 tricesimo
1194 3845 1332 3911 Prover-

278 3949 409 4015 biorum
430 3950 540 4034 potest
562 3946 625 4012 sub
645 3967 713 4012 uno
736 3946 870 4012 nomine
896 3945 1017 4033 leporis
1040 3946 1209 4011 cuniculus
1235 3947 1332 4013 intel-

276 4052 345 4139 ligi,
371 4072 446 4116 cum
470 4053 584 4114 temen
608 4048 732 4114 ibidem
755 4047 793 4114 in
819 4048 932 4114 Graeco
958 4047 1189 4135 correspondet
1211 4043 1332 4115 nomen

276 4153 533 4242 appropriatum,
556 4150 680 4217 scilicet
701 4150 918 4238 chirogrillon.

321 4254 387 4321 Sed
408 4254 515 4340 major
537 4252 713 4319 difficultas
735 4257 786 4319 est
811 4252 853 4318 de
874 4252 1087 4338 nycticorace.
1131 4252 1219 4318 Nam
1233 4251 1330 4321 Brito
1342 4267 1433 4336 nyce-

276 4357 418 4422 mcndax
439 4355 613 4424 confirmat
638 4377 731 4421 suern
754 4355 941 4442 opinionem
962 4376 1022 4442 per
1043 4354 1219 4437 Isidorum,
1241 4357 1330 4444 quod
1342 4352 1427 4388 ⁰⁰³¹·

308 4681 571 4755 matamorus.
752 4683 759 4751 ι
814 4681 1165 4749 *rammasses
