3586 5640
306 805 369 896 1v.]
643 821 875 877 courennruu
897 822 1024 876 srunn.
1294 812 1357 873 421

305 1029 373 1071 non
404 1007 466 1072 scit
498 1029 612 1072 causas
643 1011 679 1073 et
709 1008 853 1073 rationes
883 1005 1140 1086 combustionis3
1171 1027 1230 1071 nec
1260 1007 1361 1070 bruta

305 1109 461 1174 animalia
482 1111 591 1175 sciunt
613 1131 727 1175 causas
749 1133 883 1175 suorum
907 1132 1049 1197 operum,
1071 1110 1129 1174 sed
1151 1129 1193 1173 ex
1216 1107 1361 1172 naturali

304 1211 465 1278 instinctu
502 1219 702 1299 operantur;
740 1213 825 1278 sicut
862 1214 932 1299 ipse
962 1211 1158 1277 Aristoteles
1187 1210 1283 1276 docet
1312 1231 1361 1274 se-

305 1315 411 1379 cundo
435 1311 667 1401 Physicorum¹
717 1314 801 1381 Cum
824 1315 929 1402 igitur
951 1312 1131 1381 mechanici
1154 1335 1266 1378 omnes
1288 1334 1361 1399 pro·

305 1417 426 1481 cedunt
456 1423 490 1483 et
512 1418 735 1504 negotiantur,
759 1418 845 1482 sicut
869 1419 968 1483 bruta
991 1417 1134 1483 etaient
1166 1415 1359 1492 inanimata,

304 1524 339 1583 et
361 1519 431 1584 sine
447 1542 618 1585 causarum
640 1525 675 1586 et
697 1521 865 1585 rationum
888 1520 1085 1607 cognitione,
1109 1522 1149 1584 ut
1164 1517 1360 1582 Aristoteles

306 1620 395 1697 dicit,
427 1621 640 1687 manifestum
670 1626 729 1700 est,
761 1623 849 1708 quod
877 1622 1010 1708 juristae
1042 1621 1154 1686 civiles
1176 1619 1261 1696 laici,
1285 1642 1359 1684 cum

305 1723 373 1787 sint
395 1724 576 1789 mechanici
601 1731 749 1810 respectu
772 1724 1083 1812 philosophantium,
1107 1728 1186 1789 sunt
1211 1728 1360 1808 respectu

305 1849 417 1891 eorum
440 1827 526 1892 sicut
548 1828 648 1893 bruta
670 1827 835 1908 animalia,
860 1833 894 1892 et
917 1827 1002 1892 sicut
1024 1826 1216 1904 inanimata,
1248 1846 1360 1889 causas

306 1933 340 1993 et
371 1929 516 1996 rationes
547 1930 658 2016 legum
692 1929 850 1994 radicales
877 1930 1075 2016 ignorantes.
1121 1928 1167 1992 Et
1189 1928 1262 1992 ideo
1285 1948 1359 1992 cum

306 2032 541 2098 clericinostri
565 2032 783 2096 inclinantes
806 2032 947 2117 adjura
972 2033 1037 2097 ista
1062 2029 1257 2107 mechanica,
1281 2029 1360 2095 facti

305 2140 384 2198 sunt
408 2135 500 2199 velut
531 2135 631 2198 bruta
662 2133 818 2198 animalia
840 2139 874 2199 et
905 2134 1089 2199 inanimato
1122 2137 1285 2219 quantum
1317 2131 1360 2196 ad

305 2240 430 2300 statum
462 2235 640 2322 sapientiae,
665 2240 699 2300 et
732 2235 807 2300 ideo
838 2257 872 2301 se
907 2235 1114 2301 confundunt
1147 2233 1222 2321 plus
1260 2256 1359 2319 quam

304 2337 415 2402 valeat
451 2338 603 2402 enarrari.
658 2336 754 2416 Quod
791 2337 1001 2404 manifestum
1038 2337 1122 2403 foret
1162 2335 1293 2421 juristis
1330 2336 1359 2402 si

304 2439 405 2504 libros
427 2439 691 2526 philosophorum
723 2439 870 2526 legerent
903 2445 938 2506 et
974 2439 1205 2527 intelligerent,
1237 2439 1360 2504 scilicet

305 2542 392 2628 leges
416 2541 564 2607 Platonis
587 2546 621 2606 et
643 2540 832 2607 Aristotelis
856 2546 891 2607 et
920 2542 1069 2620 aliorum,
1092 2542 1151 2607 ubi
1182 2540 1359 2607 secundum

305 2649 503 2729 potestatem
526 2644 751 2731 sapientialem
775 2666 849 2709 cum
872 2644 997 2731 origine
1020 2651 1055 2710 et
1076 2644 1180 2710 causis
1204 2649 1239 2710 et
1260 2643 1360 2708 ratio-

304 2747 401 2812 nibus
423 2747 542 2812 volunt
564 2747 747 2833 procedere,
779 2751 813 2812 et
842 2769 910 2812 non
940 2747 1087 2812 ruditate
1109 2747 1249 2826 bestiali,
1274 2747 1359 2810 sicut

304 2849 339 2913 in
362 2849 489 2935 legibus
511 2849 677 2914 laicorum.
735 2848 930 2914 Aristoteles
953 2849 1040 2914 enim
1064 2848 1100 2911 in
1130 2847 1215 2912 libro
1232 2847 1358 2933 Legum

306 2952 422 3038 incipit
445 2951 606 3017 resolvere
628 2952 711 3017 fines
733 2950 928 3036 principales
942 2951 1052 3036 legum
1075 2954 1110 3013 et
1133 2954 1301 3025 sectarum,
1325 2953 1360 3013 et

303 3055 349 3118 sic
371 3054 553 3141 investigat
583 3053 670 3140 leges
693 3057 727 3117 et
754 3058 858 3117 sectas
888 3051 1057 3138 possibiles
1084 3049 1120 3114 in
1142 3051 1203 3116 hoc
1226 3050 1357 3115 mundo.

304 3155 348 3220 Et
372 3157 466 3221 docet
488 3155 577 3241 quod
591 3177 658 3220 non
681 3159 821 3240 possunt
837 3176 905 3219 esse
929 3153 993 3218 nisi
1008 3174 1068 3218 sex
1086 3163 1181 3219 sectae
1197 3152 1359 3239 simplices

304 3257 347 3320 ad
370 3256 452 3342 plus,
476 3257 556 3341 qnia
577 3256 658 3320 fines
681 3260 760 3320 sunt
782 3260 844 3320 tot.
893 3255 1080 3321 Secundum
1103 3256 1191 3322 enim
1222 3255 1358 3321 diversi·

304 3363 409 3422 tatem
431 3358 548 3422 finium
572 3362 703 3442 oportet
726 3357 815 3442 quod
841 3357 887 3423 sit
909 3358 1083 3425 diversitas
1105 3359 1224 3446 legum.
1270 3358 1358 3423 Nam

303 3465 363 3524 aut
400 3459 524 3523 bonum
562 3458 683 3525 futurae
721 3460 889 3525 felicitatis
923 3467 973 3526 est
1011 3461 1095 3540 finis,
1136 3468 1175 3528 ut
1213 3462 1249 3526 in
1286 3462 1357 3549 lege

306 3561 494 3627 Christiana
515 3566 609 3648 patet
620 3585 629 3642 ;
659 3567 694 3627 et
717 3562 869 3628 similiter
890 3563 927 3627 in
950 3563 1020 3649 lege
1044 3564 1132 3631 civili
1159 3565 1357 3641 Aristotelia,

305 3669 340 3729 et
363 3664 502 3728 aliorum
532 3667 620 3728 recte
642 3663 953 3751 philosophantium,
981 3665 1058 3732 licet
1080 3689 1147 3732 non
1177 3689 1216 3730 ea
1238 3667 1359 3753 persec-

306 3767 405 3844 tione,
443 3788 503 3830 nec
541 3787 579 3830 ea
612 3765 775 3852 dignitate
812 3768 968 3854 procedat
996 3768 1052 3833 lex
1083 3768 1357 3855 philosophorum,

303 3870 389 3935 sicut
411 3870 466 3934 lex
482 3868 692 3949 Christiana3
723 3874 782 3935 aut
812 3871 888 3935 finis
911 3875 995 3936 esset
1017 3871 1141 3936 bonum
1171 3871 1360 3957 temporale.

306 3973 352 4038 Et
384 3972 445 4039 hoc
467 3971 639 4051 variatur;
662 3971 741 4057 quia
764 3978 824 4039 aut
855 3974 920 4039 erit
942 3973 1104 4060 voluptas,
1128 3979 1188 4038 aut
1219 3973 1357 4052 divitiae,

305 4081 365 4141 aut
402 4074 592 4153 dominium,
627 4080 687 4139 aut
732 4077 883 4161 potentia
921 4077 1082 4162 regnandi
1127 4076 1280 4142 omnibus
1325 4081 1360 4142 et

304 4179 419 4245 multis
448 4179 642 4265 regionibus,
667 4182 727 4243 aut
759 4179 927 4244 curiositas
957 4179 1061 4246 famae.
1109 4179 1155 4246 Et
1180 4179 1359 4246 secundum
1413 4199 1416 4205 ·

305 4284 367 4347 hoc
389 4282 476 4368 leges
502 4281 674 4346 hominum
698 4281 914 4347 diversantur.

351 4386 397 4450 Et
423 4383 609 4470 hujusmodi
639 4383 726 4470 loges
756 4385 1002 4474 investigantur
1031 4406 1089 4474 per
1114 4386 1360 4474 conjunctiones

308 4595 635 4605 -,-,-,-.-...-,,.-,
641 4598 644 4601 .
651 4595 816 4603 -..,.....--.

694 4709 700 4739 ¹
715 4707 883 4778 Flysirorunr]
897 4709 923 4761 ii.
936 4715 960 4761 8.
