3586 5640
375 734 440 796 282
746 745 876 797 sooner
906 743 1055 797 meoms
1346 729 1435 817 [osu.
1554 751 1559 758 ·

376 923 475 987 unius
499 921 576 1002 diei,
598 927 634 988 et
655 944 758 1010 prope
780 923 917 988 tertium
939 923 1040 987 unius
1069 921 1144 998 diei,
1168 919 1248 1006 quio
1269 920 1435 987 sexdecim

376 1023 509 1091 minute
531 1024 598 1091 diei
617 1030 654 1090 et
675 1025 902 1112 quodi-egium
918 1025 1062 1091 secunde
1082 1023 1149 1089 diei
1164 1026 1246 1089 sunt
1263 1044 1323 1090 sex
1344 1023 1437 1089 horte

376 1131 412 1193 et
433 1127 656 1215 qucdrsginte
685 1128 817 1194 minute
838 1127 937 1194 unius
966 1126 1085 1194 horae.¹
1147 1126 1194 1192 Et
1223 1127 1260 1191 in
1282 1125 1437 1193 omnibus

376 1229 534 1296 trecentis
553 1235 588 1296 et
610 1234 753 1316 quatuor
775 1231 874 1296 annis
888 1229 1015 1296 recedit
1030 1251 1052 1295 a
1064 1228 1136 1295 loco
1151 1228 1363 1316 primationie
1375 1248 1437 1315 per

376 1353 482 1398 unum
504 1332 601 1412 diem,
625 1337 660 1398 et
682 1353 740 1398 sex
771 1332 902 1398 minute
923 1332 1023 1398 unius
1045 1330 1134 1397 diei'
1155 1338 1192 1398 et
1213 1329 1438 1419 quadraginta

378 1434 528 1499 secunde
566 1433 612 1500 Et
635 1440 711 1520 post
732 1439 876 1522 quotuor
898 1435 1006 1501 millis
1027 1434 1171 1502 ducents
1193 1432 1437 1521 quinquaginta

378 1557 437 1601 sex
459 1536 589 1603 dicetur
608 1537 691 1603 luna
711 1538 890 1604 secundum
912 1537 1143 1604 kalendarium
1164 1537 1281 1624 prime,
1302 1535 1437 1622 quando

380 1644 431 1704 est
453 1639 552 1724 pleno
572 1639 705 1707 lumine.
751 1640 798 1706 Et
817 1645 895 1727 post
923 1646 1051 1728 septem
1080 1640 1186 1706 millis
1214 1638 1437 1725 noningentos

380 1744 522 1826 quotuor
557 1764 662 1809 annos
697 1743 763 1808 erit
799 1742 890 1809 error
925 1744 1026 1808 unius
1069 1742 1250 1808 lunatiouis
1286 1741 1436 1829 integrm,

381 1847 518 1930 excepto
547 1844 683 1922 modico,
704 1844 833 1910 scilicet
861 1845 1007 1933 exceptis
1028 1843 1171 1932 triginta
1192 1850 1267 1911 octo
1295 1842 1438 1909 minutis

381 1950 416 2012 et
437 1946 579 2031 triginta
600 1948 758 2014 secundis.
803 1948 851 2014 Et
871 1947 926 2014 bio
958 1969 1049 2015 error
1081 1951 1192 2035 potest
1215 1946 1370 2013 devenire
1390 1945 1437 2011 ed

381 2052 515 2114 centum
558 2049 757 2132 lunationes,
802 2055 838 2116 et
882 2055 963 2116 tunc
995 2049 1131 2115 ‚iterum
1176 2048 1301 2114 redibit
1344 2068 1437 2113 error

381 2150 516 2236 primus,
544 2155 585 2216 ut
616 2157 798 2237 sequentur
824 2157 997 2239 sequentes
1029 2174 1089 2240 per
1121 2151 1292 2232 ordinem3
1321 2155 1357 2215 et
1389 2149 1438 2214 sic

381 2252 418 2317 in
451 2252 621 2320 infinitum
644 2253 680 2319 hi
712 2275 836 2320 errores
868 2255 1095 2321 revolvuntur.
1155 2252 1202 2319 Et
1239 2251 1329 2338 quod
1364 2252 1437 2319 hoec

381 2355 493 2421 omnio
525 2356 594 2423 sint
623 2379 704 2422 vero
733 2378 803 2423 non
829 2362 881 2423 est
903 2357 1042 2423 dubium
1071 2355 1188 2444 peritis
1216 2355 1413 2421 astronomis
1425 2377 1437 2435 ς

381 2461 416 2522 et
449 2457 589 2543 quilibet
610 2459 809 2545 computista
838 2459 936 2525 novit
965 2459 1054 2546 quod
1083 2459 1171 2525 fallit
1199 2457 1356 2546 primatie
1376 2478 1438 2545 per

381 2564 449 2624 tres
486 2558 557 2626 dies
592 2561 647 2627 vel
686 2565 829 2647 quatuor
866 2560 920 2626 his
955 2561 1188 2649 temporibus3
1222 2566 1257 2626 et
1294 2559 1439 2648 quilibet

381 2660 523 2728 rusticus
544 2666 655 2749 potest
677 2663 714 2728 in
735 2664 818 2729 coelo
839 2663 928 2730 hunc
950 2685 1094 2731 errorem
1115 2662 1340 2752 contemplari

427 2763 728 2852 Quantumcunque
771 2764 874 2831 vero⁸
910 2765 1044 2832 brevius
1087 2764 1247 2854 possum‚⁴
1291 2764 1437 2854 operiam

381 2889 528 2955 grossum
550 2867 805 2936 declarationem
826 2889 974 2935 errorum
995 2869 1234 2956 praedictorum
1273 2868 1437 2937 Nostrum

382 2993 460 3037 vero
498 2972 730 3039 kalendarium
768 2971 866 3059 ponit
909 2971 1039 3058 cyclum
1076 2971 1330 3039 decennovalem
1366 2993 1438 3038 esse

383 3075 544 3160 vequalem
589 3074 803 3142 novendecim
848 3074 945 3139 annis
990 3074 1151 3139 solaribus
1196 3096 1272 3140 cum
1317 3079 1437 3160 quarte

382 3177 511 3263 integre
543 3178 691 3264 sumptis,
730 3178 909 3243 secundum
940 3177 1029 3263 quod
1062 3176 1291 3242 kalendarium
1328 3177 1438 3242 utitur

383 3277 571 3362 hujusmodi
593 3300 681 3344 anno
703 3279 809 3357 soleri,
822 3337 826 3343 .
840 3285 880 3345 ut
902 3278 998 3365 prius,
1016 3279 1170 3344 hobitum
1192 3284 1252 3345 est.
1314 3278 1360 3345 Et
1382 3279 1438 3344 hic

383 3380 492 3465 cyclus
536 3381 683 3446 continet
721 3402 834 3446 omnes
871 3376 1083 3459 lunationes,⁶
1120 3403 1195 3468 quse
1240 3381 1437 3468 contingunt

383 3481 420 3546 in
469 3483 685 3549 novendecim
735 3484 834 3549 annis
882 3483 1066 3562 lunaribus,
1112 3489 1148 3550 et
1202 3488 1440 3571 computentur

384 3584 535 3653 ducentes
557 3586 698 3674 triginta
720 3587 887 3673 quinque:
910 3586 990 3673 quia
1014 3587 1164 3673 quolibet
1197 3587 1307 3653 lunari
1340 3609 1437 3666 anno,

384 3689 443 3775 qui
473 3689 595 3756 dicitur
625 3690 815 3770 communis,
846 3689 1004 3756 habemus
1034 3690 1207 3757 duodecim
1228 3690 1439 3774 lunationes3

418 4053 425 4084 ¹
433 4050 491 4118 plus
506 4060 596 4119 quarto
613 4054 703 4107 unius.
719 4090 726 4106 .
745 4089 751 4105 .
769 4087 776 4106 .
795 4051 885 4106 maim
968 4055 1134 4124 'unimdiefl
1153 4072 1201 4109 om.
1211 4055 1242 4110 Τ.

383 4131 460 4197 bore]
480 4149 530 4185 om.
547 4134 575 4184 in
593 4133 633 4194 B„
649 4134 743 4198 which,
760 4134 884 4198 however,

384 4212 453 4272 aun
470 4212 498 4262 n
515 4213 558 4264 ne
573 4213 682 4280 margin,
691 4215 768 4266 suu
785 4215 886 4266 “nrm
969 4188 1058 4255 'veru
1078 4205 1128 4240 ⁰¹¹¹·
1140 4189 1170 4242 Τ·

383 4292 399 4316 “
416 4290 544 4354 scriptoris
555 4299 608 4352 θεῖς
626 4294 728 4344 deberet
740 4294 827 4345 scribi:
845 4300 886 4345 ‘et
970 4324 979 4353 ⁴
1176 4320 1182 4333 ·
1228 4321 1252 4374 Τ

384 4372 399 4396 “
416 4367 481 4417 ‘hoc
496 4376 534 4419 est
549 4371 605 4433 plus
621 4379 709 4435 quarta
725 4375 801 4424 unius
817 4373 884 4434 diei;
986 4322 1097 4388 mm]
1116 4337 1217 4387 powm’
1250 4359 1259 4376 ⁰

384 4452 399 4476 ‘⁴
417 4448 512 4497 ‘ethoc
519 4451 729 4515 estvemmquic
740 4453 885 4507 xvirninu·
971 4449 1437 4522 ⁸0mneelcnationes11muionesom·

385 4534 392 4556 ⁴
418 4526 520 4576 ‘tsdiei
531 4534 556 4578 et
566 4528 601 4579 xl.
613 4532 723 4582 secundo
733 4532 798 4593 diei}
814 4533 877 4585 eto.”
905 4541 910 4581 .’
936 4549 989 4596 nes,
1001 4533 1034 4587 Τ.
