3586 5640
364 768 450 855 axa]
765 783 852 833 orus
874 781 1036 834 manum
1350 769 1415 834 245

362 960 402 1025 dc
436 958 540 1037 Golia,
576 959 664 1043 quod
698 957 798 1024 lorica
831 957 972 1025 immuta
1003 958 1214 1037 induebatur,
1249 980 1317 1025 non
1350 958 1417 1024 dis-

362 1061 508 1126 cernitur
529 1083 550 1124 a
572 1061 672 1146 vulgo
694 1059 765 1125 haec
788 1060 953 1145 aspiratio,
977 1060 1035 1126 sed
1058 1060 1152 1147 quasi
1174 1061 1275 1126 lorica
1297 1058 1418 1127 dilecta

364 1169 497 1249 propter
533 1163 762 1227 fortitudinem
802 1161 878 1247 ejus.
941 1162 987 1227 Et
1024 1163 1147 1228 iterum
1185 1185 1259 1227 cum
1298 1163 1419 1228 dicitur

363 1266 386 1330 J
388 1265 523 1330 udicurn
537 1265 718 1340 undecimo,
736 1263 852 1327 “Filia
867 1263 944 1342 mi‚’'
959 1264 1105 1330 aestimat
1120 1265 1241 1352 vulgus
1264 1266 1352 1350 quod
1374 1265 1420 1330 sit

366 1367 511 1432 vocativi
542 1388 641 1432 ocsus
698 1365 765 1432 Sed
797 1386 958 1449 nusquam
990 1365 1052 1431 hoc
1083 1366 1255 1432 invenitur
1285 1367 1350 1432 nisi
1383 1366 1420 1432 in

366 1468 544 1533 masculino
580 1489 713 1554 genere3
748 1472 783 1532 et
820 1466 895 1531 ideo
933 1472 984 1533 est
1022 1468 1130 1533 dativi
1168 1489 1268 1534 casus
1329 1468 1420 1534 Nam

367 1571 551 1635 Priscianus
588 1571 623 1635 in
660 1570 745 1634 libro
768 1568 996 1634 Pronominis¹
1036 1570 1124 1647 dicit,
1164 1570 1254 1655 quod
1291 1569 1422 1658 antiqui

367 1673 526 1738 dixerunt
563 1672 652 1758 quod
689 1671 756 1737 fuit
793 1671 900 1736 dativi
938 1693 1037 1737 casus.
1100 1671 1200 1738 Unde
1236 1671 1272 1736 in
1305 1672 1421 1739 dativo

366 1776 481 1861 primae
515 1796 661 1860 personae
693 1778 742 1839 est
774 1772 835 1839 mi.
884 1772 930 1837 Et
964 1774 992 1838 si
1026 1775 1099 1860 quis
1136 1774 1331 1860 profundius
1369 1773 1421 1839 in·

366 1878 483 1962 quirat,
516 1876 665 1941 inveniet
692 1875 752 1941 hoc
785 1875 972 1941 necessario.
1021 1875 1109 1941 Nam
1140 1876 1326 1942 Priscianus
1348 1876 1423 1944 vult

365 1980 400 2042 in
422 1979 529 2064 primo
551 1976 667 2054 libro,²
697 1983 732 2042 et
755 1976 901 2043 Isidorus
930 1977 1012 2043 dicit
1041 2000 1198 2065 expresse,
1230 1979 1318 2065 quod
1354 1999 1423 2044 non

367 2081 531 2166 aspiratur
560 2081 648 2166 apud
679 2079 825 2165 linguam
858 2079 1011 2144 Latinam
1041 2080 1106 2145 nisi
1133 2080 1261 2147 vocalis.
1322 2079 1422 2146 Unde

366 2183 401 2246 in
435 2182 563 2246 Latinis
597 2181 797 2246 dictionibus
831 2203 999 2266 nunquam
1032 2183 1197 2268 aspiratur
1231 2204 1421 2249 consonans

368 2283 434 2348 Sed
464 2284 499 2346 in
523 2283 646 2348 Graecis
668 2282 845 2362 vocabulis,
876 2283 996 2368 quibus
1019 2283 1133 2349 Latini
1162 2290 1313 2366 utuntur,
1337 2285 1422 2372 aspi·
1433 2298 1526 2364 raulry
1537 2297 1577 2348 tn·

368 2392 484 2449 rantur
506 2390 648 2469 quatuor
670 2383 910 2449 consonantes³
933 2407 957 2466 c,
978 2408 1015 2473 p,
1041 2407 1068 2464 r,
1094 2392 1115 2463 t,
1141 2391 1176 2452 et
1207 2409 1274 2451 non
1305 2386 1422 2472 plures
1434 2364 1581 2483 22⁰3&ss

369 2487 405 2551 Si
429 2487 533 2572 igitur
560 2487 651 2551 nulla
672 2508 853 2551 consonans
875 2487 1040 2574 aspiratur
1062 2487 1098 2552 in
1121 2488 1249 2553 Latinis
1272 2486 1460 2553 dictioni-t.

369 2589 438 2666 bus,
470 2593 549 2653 tunc
579 2611 652 2653 cum
676 2589 796 2654 dicitur
824 2587 942 2668 michi,
972 2588 1092 2667 aaut,
1129 2591 1165 2655 in
1197 2612 1260 2656 usu
1296 2591 1424 2656 moder·

369 2712 494 2769 norum,
533 2690 618 2754 male
656 2690 834 2777 apponitur
872 2712 889 2756 c
925 2690 1024 2756 litera
1061 2692 1095 2756 in
1129 2693 1249 2758 ultima
1286 2692 1422 2779 syllaba,

369 2792 448 2877 quia
486 2792 612 2857 Latinae
656 2793 815 2857 dictiones
853 2796 941 2871 sunt,
986 2793 1146 2858 habentes
1190 2794 1425 2879 aspirationem

369 2894 404 2957 in
437 2894 556 2959 ultima
586 2894 722 2979 syllaba
785 2893 831 2958 Et
863 2899 955 2980 patet
987 2894 1023 2958 in
1055 2893 1206 2959 omnibus
1235 2895 1360 2971 Bibliis,
1389 2900 1425 2960 et

370 2996 442 3060 aliis
465 2997 558 3061 libris
581 2994 750 3080 antiquis⁴
773 3000 861 3061 recte
883 2995 1022 3081 scriptis,
1046 2996 1134 3080 quod
1156 3017 1224 3060 non
1254 2995 1426 3061 invenitur

370 3098 506 3162 clitera
535 3097 571 3160 in
601 3097 673 3161 istis
702 3094 880 3174 vocabulis,
905 3097 961 3161 sed
990 3097 1096 3161 solum
1126 3096 1249 3161 dicitur
1277 3095 1369 3163 mita·
1391 3101 1426 3162 et

370 3198 472 3265 nibil.
520 3198 587 3264 Sed
616 3221 691 3264 cum
714 3199 783 3263 sint
812 3198 861 3263 ibi
891 3199 966 3264 duae
989 3198 1117 3263 vocales
1146 3198 1271 3277 breves,
1295 3202 1426 3286 oportet

370 3302 459 3387 quod
490 3302 526 3366 in
558 3322 646 3381 sono,
670 3305 803 3387 propter
834 3300 971 3377 hiatum,
1004 3322 1101 3366 causa
1131 3300 1310 3387 euphoniae,
1337 3301 1424 3366 coin·

370 3404 481 3469 ridant
496 3403 531 3466 in
547 3423 647 3466 unam
666 3403 821 3487 longam3
851 3407 886 3467 ct
908 3402 981 3466 ideo
995 3407 1082 3468 recte
1105 3403 1226 3468 dicitur
1243 3401 1425 3470 atterat.

372 3506 418 3570 Et
456 3509 589 3591 propter
622 3503 684 3568 hoc
722 3507 852 3589 oportet
884 3504 972 3588 quod
1009 3503 1062 3569 rai
1099 3505 1145 3570 sit
1189 3505 1297 3569 dativi
1331 3527 1425 3570 casus

370 3605 495 3692 hujus⁶
517 3605 718 3691 pronominis
751 3626 814 3690 epo.
861 3603 958 3685 Quod
991 3610 1103 3671 autem
1126 3606 1312 3671 Priscianus
1336 3607 1425 3684 dicit,

372 3709 461 3794 quod
483 3708 514 3774 ei
537 3729 604 3772 non
635 3707 741 3794 placet
764 3707 852 3793 quod
875 3708 919 3771 sit
943 3707 1051 3773 dativi
1081 3729 1180 3785 casus,
1204 3729 1272 3772 non
1302 3712 1353 3773 est
1375 3708 1573 3782 viaffiwim’.

372 3812 413 3875 de
435 3809 504 3875 hoo.
561 3808 640 3873 Non
663 3809 751 3873 enim
781 3830 908 3895 semper
937 3808 1118 3873 imitandus
1141 3813 1199 3887 cst,
1223 3808 1300 3874 licet
1321 3813 1361 3873 ut
1389 3797 1566 3874 in⁸¹¹²¹¹⁰¹¹it

372 3912 532 3998 pluribus.
592 3909 692 3976 Unde
715 3909 768 3975 bic
791 3910 872 3975 dicit
895 3909 984 3994 quod
1006 3909 1135 3994 antiqui
1159 3909 1317 3974 dixerunt
1338 3910 1427 3996 quod
1437 3865 1573 3999 ¹iiiiaiiiiiiy

372 4013 425 4078 ati
449 4012 515 4077 fuit
538 4010 645 4077 dativi
676 4033 774 4077 casus.
837 4011 902 4077 Sed
926 4011 1072 4095 antiquis
1102 4011 1207 4096 magis
1229 3999 1563 4076 credendumf⁰¹¹⁰ffi

374 4119 424 4179 est
448 4136 547 4200 quam
578 4114 617 4193 ei,
643 4114 700 4200 qui
723 4113 917 4199 compilator
947 4118 997 4178 est
1023 4108 1153 4198 magis⁶
1175 4134 1273 4198 quam
1304 4118 1426 4180 auctor.

373 4216 488 4282 Solum
523 4217 611 4281 enim
642 4216 761 4280 recitat
792 4215 921 4295 aliena;
964 4219 998 4279 et
1032 4214 1209 4299 aliquando
1242 4213 1366 4300 placuit
1396 4216 1427 4283 ei

408 4455 597 4522 'Prcaominia]
618 4455 665 4506 See
676 4471 716 4520 pp.
731 4461 786 4518 lac,
800 4461 855 4506 190.
895 4448 897 4450 .
959 4455 1297 4524 ⁴titri=antiqaahntiquir
1308 4457 1425 4518 htriat'.

407 4538 418 4567 ²
428 4535 594 4602 primolibro]
613 4536 676 4585 lbid
688 4551 712 4600 p.
726 4541 749 4586 5.

409 4617 537 4680 'quotam
564 4613 733 4680 emanantes]
770 4614 870 4665 vocales

374 4702 491 4760 quatuor,
502 4694 534 4744 B.
957 4688 1068 4756 ‘mam
1088 4690 1178 4756 potina,
1190 4690 1220 4741 T.

958 4572 1063 4639 ⁸bujus]
1082 4588 1133 4625 om.
1144 4573 1175 4624 Τ.
