3586 5640
307 793 440 881 11111111]
700 812 788 861 oeus
811 814 971 864 1111111111
1293 806 1355 868 111

305 986 485 1073 majoribus
514 986 722 1052 mirabilibus
751 995 889 1055 naturae
936 988 1036 1055 Unde
1066 989 1120 1055 hic
1148 995 1242 1077 patet
1272 990 1361 1077 quod

306 1095 428 1155 natura
457 1096 508 1155 est
537 1092 728 1176 sagacitatis
757 1093 852 1177 quasi
884 1091 1033 1158 infinitae.
1093 1092 1180 1158 Nam
1212 1115 1270 1179 per
1300 1093 1361 1158 bas

306 1194 486 1258 varietates
531 1195 714 1258 incessuum
760 1201 794 1259 et
843 1194 1041 1259 fractionum
1091 1196 1179 1260 fiunt
1228 1197 1361 1260 infinita

306 1311 435 1362 naturae
457 1303 589 1374 secreta
607 1303 642 1361 ct
663 1297 817 1362 similiter
846 1297 1024 1362 manifesta
1045 1299 1194 1362 sensibus
1217 1299 1360 1377 nostris;

306 1402 391 1464 sicut
421 1405 516 1487 patet
545 1400 589 1464 ad
619 1401 729 1465 visum
759 1401 800 1465 de
831 1401 952 1465 urinali
982 1401 1080 1487 pleno
1109 1424 1204 1487 aqua,
1235 1402 1289 1467 vel
1319 1402 1361 1465 de

305 1503 462 1588 crystallo
496 1503 642 1567 rotundo
676 1503 805 1587 objecto
837 1503 938 1568 radiis
969 1503 1137 1568 solaribus
1183 1504 1271 1568 Nam
1302 1525 1361 1590 per

305 1605 389 1670 hanc
410 1606 574 1692 duplicem
596 1605 799 1684 fmctioncm,
816 1628 956 1690 quarum
978 1606 1086 1692 prima
1107 1606 1147 1670 fit
1170 1607 1206 1670 in
1228 1628 1360 1692 corpore

305 1709 449 1788 urinalia,
465 1709 554 1795 quod
581 1714 632 1774 est
647 1709 780 1772 densius
801 1715 884 1785 aere,
901 1715 936 1773 et
958 1709 1101 1773 secunda
1121 1710 1158 1772 in
1180 1716 1255 1773 aere
1270 1715 1359 1774 retro

306 1811 443 1890 urinale‚
470 1811 559 1897 quod
583 1817 635 1875 est
665 1810 822 1875 subtilius
847 1811 977 1887 urInali,
1008 1813 1128 1875 accidit
1158 1812 1246 1896 quod
1276 1808 1510 1888 mdjihsshovn

1372 1891 1398 1925 111
1409 1877 1519 1944 burniug

204 1987 207 1993 ¹
304 1921 545 2001 congregantur
568 1915 610 1978 ad
636 1919 796 2001 punctum
820 1935 923 1978 unum
949 1915 985 1977 in
1008 1920 1083 1978 abre
1106 1919 1195 1978 retro
1225 1914 1359 1993 urinale,
1372 1943 1474 2007 gum.

304 2017 341 2081 in
367 2039 433 2103 quo
462 2023 585 2104 puncto
623 2016 813 2081 accenditur
850 2017 945 2103 ignis,
976 2017 1034 2101 qui
1071 2017 1236 2081 comburit
1272 2018 1360 2081 levia

305 2121 575 2200 combustibilia3
605 2125 640 2184 et
670 2119 743 2183 ideo
780 2120 849 2184 brec
886 2118 1069 2184 combustio
1107 2118 1226 2204 probat
1263 2119 1360 2183 nobis

306 2223 394 2307 quod
417 2229 539 2286 natura
561 2228 714 2308 operatur
735 2221 913 2287 secundum
933 2222 1013 2286 duas
1036 2221 1232 2285 fractiones:
1255 2228 1290 2286 et
1312 2222 1359 2286 sio

307 2326 467 2413 probatur
500 2347 599 2390 causa
626 2347 686 2411 ρετ
724 2325 884 2390 effectum.
937 2324 982 2389 Et
1012 2325 1073 2389 hoc
1104 2331 1155 2388 est
1185 2346 1358 2411 argumen-

170 2468 176 2474 -
307 2434 381 2494 tum
412 2427 576 2492 naturalis
605 2427 799 2514 philosophi,
823 2427 957 2514 quando
988 2450 1161 2514 persuum
1191 2429 1357 2515 propriam

307 2531 506 2596 industriam
535 2529 654 2616 arguIt
700 2529 766 2595 Sed
790 2532 921 2616 quando
947 2531 1127 2616 adjuvatur
1149 2552 1207 2617 ρετ
1228 2553 1356 2618 geome-

307 2635 423 2698 tricam
460 2637 667 2719 potestatem,
699 2638 779 2697 tunc
816 2639 925 2718 potest
956 2634 1178 2699 demonstrare
1208 2634 1356 2699 combus-

305 2740 429 2804 tionem
447 2736 533 2802 hanc
555 2757 613 2823 ρετ
633 2758 764 2801 causam
784 2758 885 2801 suam.
932 2736 978 2800 Et
1000 2737 1046 2801 sic
1068 2741 1118 2801 est
1141 2737 1181 2800 de
1204 2737 1356 2801 omuibus

305 2839 549 2928 operationibus
579 2838 795 2904 naturalibus.
851 2839 897 2902 Et
922 2839 996 2903 ideo
1020 2859 1086 2902 non
1116 2845 1254 2924 possunt
1285 2839 1356 2902 dari

305 2967 411 3010 causae
433 2964 544 3008 rerum
566 2941 769 3007 naturalium
792 2941 856 3006 nisi
879 2962 937 3027 ρετ
960 2941 1029 3005 vics
1051 2941 1248 3027 geometria),
1268 2941 1357 3026 quod

306 3053 355 3112 est
377 3067 504 3111 summe
527 3044 720 3110 notandum.
767 3042 904 3108 Nomai
925 3065 985 3108 vos
999 3065 1020 3107 a
1038 3064 1231 3129 quocunque
1252 3043 1356 3128 philo

305 3150 465 3237 sophante
488 3147 694 3226 naturaliter,
711 3151 1001 3232 quantumcunque
1022 3145 1188 3211 audiverit
1203 3146 1256 3211 vel
1271 3146 1356 3233 lege-

306 3253 361 3333 rit,
389 3252 545 3337 quaeratis
569 3272 700 3316 causam
727 3250 825 3336 hujus
851 3250 1095 3330 combustionis,
1123 3249 1208 3314 nihil
1235 3248 1358 3337 poterit

306 3356 501 3442 respondere
508 3381 516 3436 ;
539 3354 596 3420 sed
619 3353 707 3419 dicet
729 3353 775 3418 sic
797 3375 865 3418 esse
888 3375 930 3418 ex
954 3353 1082 3419 occulta
1104 3375 1211 3419 causa

352 3461 437 3524 Puer
463 3479 541 3523 vero
566 3457 737 3523 Johannes
766 3457 914 3543 portavit
941 3457 1131 3542 crystallum
1163 3457 1357 3544 sphaericum
1370 3463 1514 3515 Sendrhim

1442 3547 1505 3582 Cave

306 3565 348 3630 ad
379 3561 642 3649 experiendum
672 3565 707 3624 et
729 3560 874 3625 instruxi
904 3582 980 3625 euru
1011 3560 1047 3625 in
1076 3561 1357 3627 demonstratione
1369 3547 1460 3649 {offilo

305 3674 339 3734 et
369 3665 568 3752 figuratione
597 3662 697 3748 hujus
723 3663 770 3727 rei
800 3662 942 3729 occultae.
989 3663 1061 3728 Nec
1090 3669 1141 3728 est
1171 3663 1291 3746 aliquis
1320 3663 1356 3726 in
1368 3666 1498 3745 marecha

305 3775 378 3835 tota
409 3768 518 3848 Italia,
549 3767 634 3831 sicut
663 3787 722 3831 nec
746 3765 892 3830 Parisius
922 3766 997 3843 duo,
1029 3767 1087 3852 qui
1110 3770 1247 3851 possunt
1277 3748 1470 3849 darefflff'

309 3894 441 3939 causam
455 3869 671 3936 sufficientem
702 3869 738 3934 in
771 3868 833 3935 hac
863 3875 984 3955 parte3
1016 3874 1050 3935 et
1082 3868 1189 3933 multa
1218 3867 1355 3953 exposui

304 3977 388 4044 circa
401 3974 462 4040 has
476 3973 657 4039 frrrctiones

693 4237 772 4304 OAP.
798 4237 971 4305 XXXIII.

352 4431 497 4494 DEINDE
512 4425 662 4491 descendi
679 4427 722 4491 ad
746 4425 846 4491 aliam
867 4426 1009 4491 radicem
1026 4424 1222 4513 cognitionis
1237 4445 1355 4500 rerum,
1368 4408 1522 4540 gglssgtffil·

304 4539 339 4598 et
373 4539 424 4597 est
457 4552 515 4618 ρετ
548 4528 856 4616 multiplicationem
890 4530 1054 4594 virtutum
1093 4529 1261 4617 agentium
1298 4548 1357 4614 per
1368 4545 1496 4610 ofspecies

1368 4613 1402 4676 by
1414 4611 1500 4662 reflec-

305 4637 409 4702 lineaa
442 4635 587 4701 reflexas.
634 4633 765 4718 Species
797 4631 929 4718 quidem
961 4635 1009 4698 rei
1041 4655 1110 4698 non
1140 4632 1256 4718 recipit
1285 4631 1355 4694 vio·
1367 4679 1427 4729 tion.
