3586 5640
306 784 393 873 aaa]
715 801 802 850 orus
826 802 987 851 rnnrrnu.
1296 789 1359 852 1413

304 995 364 1038 nea
387 973 497 1059 plures
520 994 654 1049 menaea,
670 995 730 1039 neo
747 975 856 1060 plures
879 974 979 1052 anni;
1002 974 1105 1039 etsie
1127 975 1168 1040 de
1191 976 1264 1038 aliia
1286 998 1359 1060 par-

305 1076 396 1140 tibus
424 1076 582 1161 temporis
612 1075 791 1160 majoribus
820 1075 874 1140 vel
901 1075 1090 1140 minoribus¹
1144 1075 1229 1141 Cum
1260 1078 1360 1140 etiam

305 1179 399 1264 plura
421 1178 581 1242 instantia
602 1199 669 1242 non
691 1175 778 1242 aint¹
803 1178 910 1256 simul,
934 1178 1019 1242 siout
1041 1177 1239 1242 Aristotelea
1270 1179 1358 1254 dicit,

204 1356 207 1361 ,
305 1287 339 1344 et
361 1286 454 1365 patet
477 1301 535 1366 per
557 1279 871 1345 demonstrationem
894 1279 1092 1365 praedictam.

346 1383 431 1447 Cum
468 1382 572 1468 igitur
608 1387 763 1468 quaerunt
795 1382 835 1446 de
868 1383 1147 1447 transmutatione
1186 1384 1281 1468 panis
1321 1385 1358 1448 in
1371 1405 1515 1474 Tuepopu.

307 1485 432 1570 Corpus
455 1483 587 1562 Christi,
611 1484 665 1549 vel
695 1484 736 1548 de
766 1488 860 1548 motu
890 1483 1019 1570 Angeli,
1044 1484 1098 1548 vel
1129 1484 1169 1548 de
1192 1505 1269 1548 caan
1293 1485 1358 1550 Lu·
1371 1473 1506 1592 ¹⁸25¹P¹³5

306 1586 404 1664 citeri,
421 1587 474 1651 vel
490 1586 530 1650 de
549 1578 785 1672 justificatione
808 1585 912 1671 impii,
935 1587 988 1650 vel
1011 1586 1046 1649 in
1069 1585 1152 1663 aliie,
1177 1586 1358 1672 loquuntur
1370 1553 1492 1656 billi?

306 1689 446 1753 multum
484 1689 525 1752 de
562 1692 682 1752 natura
719 1694 912 1774 temporum,
952 1693 986 1752 et
1024 1687 1171 1754 inferunt
1209 1673 1513 1790 tempora2ffl¹tig¹¹

305 1791 455 1876 ριοριίιι9
486 1791 652 1855 numerari
682 1791 860 1855 secundum
890 1811 1065 1855 numerum
1095 1812 1203 1855 rerum
1231 1797 1356 1878 tempo·
1370 1806 1402 1855 be
1415 1816 1501 1856 unien-

306 1892 431 1956 ralium.
492 1892 558 1958 Sed
592 1897 723 1978 tempus
755 1913 927 1957 commune
961 1914 1065 1956 unum
1104 1913 1173 1957 esse
1207 1914 1273 1958 non
1310 1872 1434 1958 edm·

307 1992 539 2081 intelligibile,³
572 1994 659 2079 quod
691 1993 820 2072 dieitur,
844 2016 904 2058 neo
929 2015 1046 2058 verum
1079 2015 1147 2058 esse
1179 1999 1296 2080 potest,
1322 2001 1360 2060 ut

307 2100 399 2182 patet
421 2119 479 2182 per
500 2118 538 2160 ea
570 2117 645 2181 quae
677 2096 877 2170 dictasunt.
936 2094 1020 2160 Cum
1053 2096 1152 2160 etiarn
1188 2097 1361 2182 finguntur

308 2198 373 2261 duo
405 2197 566 2262 instantia
588 2197 652 2261 sibi
684 2197 824 2262 invicem
857 2197 892 2260 in
924 2197 997 2260 istie
1026 2198 1360 2262 transmutationibus

308 2300 476 2364 succedere
507 2304 542 2364 et
573 2299 767 2384 contiguari,
791 2321 858 2363 non
891 2304 941 2363 est
972 2298 1033 2363 hoe
1064 2299 1224 2384 possibile.
1272 2300 1358 2364 Nam

307 2402 503 2468 Aristoteles
534 2401 624 2478 dicit,
648 2407 765 2466 octavo
791 2399 1027 2487 Phyeioorum,⁴
1050 2401 1138 2485 quod
1171 2424 1272 2466 unum
1307 2403 1356 2466 in-

308 2509 400 2567 stans
425 2503 531 2567 estin
554 2503 707 2566 omnibus
728 2502 849 2567 talibus
872 2503 1214 2578 transmutationibusr,
1231 2504 1266 2566 in
1291 2526 1356 2589 quo

309 2605 491 2690 aequiritur
517 2627 585 2669 osse
608 2605 742 2670 termini
765 2606 808 2670 ad
832 2627 929 2690 quem
952 2607 992 2669 fit
1014 2606 1162 2670 mutatio.
1210 2606 1260 2670 Ut
1282 2629 1355 2670 eum

309 2710 349 2772 de
372 2730 438 2772 non
461 2707 536 2772 albo
559 2707 599 2772 fit
621 2707 741 2784 album,
765 2708 828 2772 erit
850 2707 982 2792 aliquod
1005 2713 1135 2792 tempus
1158 2708 1193 2772 in
1218 2730 1282 2792 cluo
1307 2731 1356 2774 ree

312 2817 361 2876 est
385 2832 450 2876 non
474 2810 558 2875 alba.

604 3032 624 3078 A
827 3031 845 3075 C
1048 3031 1067 3074 B

357 3252 409 3316 Sit
432 3251 515 3316 illud
538 3256 669 3337 ternpus
692 3265 741 3330 ιι;
764 3256 799 3316 et
822 3251 911 3315 aliud
933 3256 1063 3338 tempus
1087 3252 1122 3315 in
1146 3273 1211 3337 quo
1235 3274 1286 3316 roa
1309 3259 1359 3316 est

312 3353 396 3433 alba,
424 3355 467 3418 sit
490 3353 572 3417 illud
595 3349 749 3439 tempus⁶
772 3370 800 3418 Β.
847 3353 940 3418 lnter
966 3353 1036 3419 lraee
1068 3355 1172 3440 igitur
1201 3361 1358 3440 tempora,

311 3462 350 3519 ut
373 3454 568 3520 Aristotelea
599 3455 703 3534 docet,
727 3477 793 3519 non
817 3461 869 3520 eet
890 3457 954 3520 niei
978 3479 1081 3520 unum
1112 3457 1246 3535 instanti,
1271 3456 1358 3540 qnod

311 3563 361 3622 est
391 3558 467 3622 finis
496 3557 599 3644 ipsine
629 3572 661 3633 A,
695 3563 729 3623 et
759 3558 956 3644 principium
980 3559 1082 3644 ipsius
1104 3575 1133 3622 Β.
1180 3559 1233 3622 Sit
1256 3559 1360 3643 igitur

312 3675 332 3723 c
369 3658 430 3724 hoe
468 3661 605 3725 instans,
664 3659 755 3725 Dicit
793 3658 925 3747 igitur⁰
971 3661 1059 3745 quod
1094 3660 1129 3723 in
1169 3677 1188 3721 c
1221 3659 1360 3722 instanti

313 3763 497 3847 aequiritur
530 3762 691 3826 terminus
722 3761 765 3825 ad
788 3783 886 3846 quem
916 3761 957 3825 fit
987 3767 1103 3825 motus,
1149 3761 1248 3824 Unde
1278 3760 1313 3823 in
1342 3777 1362 3823 c

313 3886 363 3930 rea
385 3865 426 3928 fit
448 3863 532 3941 alba,
553 3869 587 3928 et
608 3865 643 3928 in
666 3868 740 3928 toto
763 3868 913 3948 tempore
940 3878 987 3941 A;
1017 3863 1051 3926 id
1076 3867 1134 3941 est,
1158 3863 1192 3925 in
1216 3861 1364 3945 qualibet

316 3972 409 4052 parte
449 3967 519 4051 ejus
556 3969 608 4030 est
645 3986 712 4030 non
750 3965 834 4040 elba,
865 3964 922 4028 sed
952 3986 1017 4027 non
1048 3964 1083 4026 in
1113 3964 1254 4027 termino
1283 3963 1361 4045 ejus,

312 4069 372 4152 qui
396 4073 446 4132 eet
469 4085 496 4132 ο.
553 4066 641 4131 Nam
673 4067 710 4130 in
742 4088 779 4131 eo
806 4064 878 4152 jam
909 4070 960 4130 oet
989 4065 1108 4128 mobile
1138 4064 1199 4128 sub
1222 4065 1363 4128 termino

313 4170 355 4233 ad
381 4191 505 4254 quem3
540 4175 575 4233 et
601 4168 691 4233 istud
723 4172 773 4232 est
795 4166 1013 4232 neceesarium
1042 4165 1078 4229 in
1105 4166 1194 4230 omni
1227 4188 1363 4252 genera·

313 4270 414 4349 tione,
439 4276 473 4336 et
496 4271 702 4348 alteratione,
727 4277 761 4335 et
786 4268 1061 4335 transmutatione
1091 4269 1267 4333 seeundum
1299 4269 1362 4333 for-

314 4396 409 4438 mam.
467 4373 556 4438 Nam
594 4373 751 4459 quaelibet
788 4372 1023 4438 transmutatio
1060 4371 1137 4437 talis
1173 4377 1223 4437 est
1259 4373 1363 4449 finita,

349 4609 355 4637 ¹
369 4606 431 4672 etat]
450 4614 516 4667 aunt,
533 4608 564 4659 13.
575 4607 606 4658 L.
902 4604 1093 4672 ‘Phaeder-um]
1112 4621 1164 4672 rap.
1177 4607 1219 4658 vii.

348 4688 358 4715 ¹
367 4686 484 4752 propria]
503 4701 553 4737 om.
571 4686 602 4738 Τ.
905 4683 986 4735 ⁵r'llud
996 4685 1099 4751 tempere]
1119 4701 1168 4737 orn,
1185 4687 1215 4736 B.

351 4763 531 4832 ’iarellr‘qr'br'ld
551 4765 699 4830 intelilgere,
723 4766 756 4826 Τ,
907 4763 1015 4835 ἰ’φίιιιν]
1034 4779 1104 4832 ergo,
1122 4764 1168 4818 Τ.ι
1189 4781 1237 4814 orn.
1255 4766 1284 4815 L.

412 4869 487 4920 VOL.
511 4871 532 4920 1.
1226 4871 1252 4919 K
