3586 5640
306 1923 479 1990 Errsrom
517 1922 669 1988 Fmrars
714 1922 866 1988 Roossu
914 1922 1070 1989 Bloours
1107 1939 1155 1987 nn
1193 1921 1361 1989 Saoaams

397 2025 576 2092 ornamus
606 2025 718 2092 Anus
750 2042 794 2091 m
815 2024 985 2106 Narona,
1020 2043 1063 2092 m
1089 2043 1136 2092 na
1158 2027 1361 2094 Nmnrma

397 2127 546 2195 Maura*

766 2316 848 2382 Ona.
874 2313 900 2380 Ι.

307 2500 358 2568 Da
380 2509 410 2569 et
441 2510 560 2570 ueratro
583 2485 809 2591 apparentiae
828 2502 941 2588 fietus,
972 2502 1069 2569 etde
1097 2510 1271 2569 utcontra
1300 2503 1357 2569 aba

612 2605 806 2678 vocationes,
832 2603 1052 2692 spirituum?

351 2797 498 2866 vnsraa
528 2798 683 2888 petitioni
716 2795 895 2886 respondeo
925 2792 1122 2886 diligenter.s
1171 2798 1260 2866 Nam
1282 2801 1360 2867 lieet
1372 2811 1459 2892 plagio
1477 2818 1528 2867 anu

306 2909 435 2970 naturae
457 2907 575 2990 potens
609 2902 654 2968 sit
678 2907 712 2968 et
734 2900 904 2980 mirabilis,
943 2907 1055 2966 tamen
1092 2923 1145 2966 ars
1182 2907 1280 2969 utens
1302 2881 1497 2969 na³⁰⁸⁸¹‘'l'·

306 3010 384 3071 tura
416 3028 475 3093 pro
511 3006 732 3071 instrumento
765 3003 934 3090 potentior
965 3009 1016 3070 est
1045 3003 1171 3069 virtute
1204 3007 1359 3084 naturali,

306 3109 392 3174 sieut
413 3108 564 3173 videmus
586 3107 623 3171 in
645 3106 768 3171 multis.
832 3104 996 3191 Quioquid
1029 3111 1140 3172 autem
1163 3112 1213 3173 est
1241 3115 1361 3196 praeter

308 3210 532 3297 operationem
566 3214 696 3275 naturas
729 3205 784 3273 vel
805 3208 894 3284 artis,
923 3213 1072 3274 autnon
1094 3215 1145 3276 est
1168 3210 1360 3290 humanum,

307 3318 366 3377 ant
389 3319 440 3378 est
462 3313 577 3378 fiotum
600 3317 634 3378 et
656 3308 829 3376 fraudibus
852 3316 1053 3399 occupatum
1100 3312 1188 3379 Nam
1211 3320 1289 3380 sunt
1304 3314 1362 3402 qui

307 3420 400 3481 motu
416 3414 523 3481 veloci
538 3414 761 3480 membrorum
776 3416 969 3502 apparentia
991 3415 1154 3505 fingentes
1169 3423 1228 3484 aut
1243 3441 1362 3485 vocum

307 3516 512 3600 diversitate,
529 3521 589 3584 aut
611 3519 906 3585 instrumentorum
922 3517 1115 3600 subtilitate,
1132 3526 1192 3587 aut
1206 3520 1361 3601 tenebris,

305 3625 366 3686 aut
403 3642 571 3702 consensu,
602 3620 710 3688 multa
740 3621 935 3688 mortalibus
963 3621 1174 3710 proponunt⁴
1202 3623 1363 3703 miranda,

307 3745 381 3812 quae
404 3745 472 3791 non
502 3724 628 3791 habent
658 3725 845 3792 existentiae
882 3725 1066 3791 veritatem.
1123 3725 1187 3792 His
1220 3725 1364 3792 mundus

305 3828 422 3915 plenus
445 3835 504 3908 est,
521 3829 606 3895 siout
629 3827 841 3894 manifestum
857 3832 908 3894 est
923 3826 1127 3916 inquirenti.⁶
1165 3828 1253 3895 Nam
1271 3829 1365 3916 jocu-

305 3931 426 3997 latores
448 3931 553 3997 multa
580 3952 738 3997 manuum
754 3931 929 3998 velocitate
955 3932 1173 4013 mentiuntur,
1188 3938 1223 3998 et
1238 3931 1364 4019 Phyto

266 4058 271 4067 ·
304 4035 402 4103 nissae
417 4055 535 4101 vocum
550 4030 766 4100 varietatem⁰
788 4034 825 4098 in
847 4039 965 4099 ventre
988 4040 1022 4100 et
1043 4038 1179 4122 gutture
1201 4036 1365 4124 fingentes

929 4238 1095 4246 ——----
1100 4242 1109 4246 -
1115 4240 1362 4253 ..mn-m...-

339 4349 345 4381 ¹
358 4350 467 4418 Μαρία]
483 4349 579 4417 Incipit
598 4349 705 4415 epistula
715 4347 810 4417 Bogeri
891 4348 1052 4418 ’duliam
1074 4367 1117 4402 om
1133 4351 1162 4404 0.

304 4429 411 4481 Baeton
423 4432 454 4480 de
465 4438 587 4494 potestate
598 4430 811 4492 affiaetnmurae,
889 4429 1065 4498 *proponunq
1085 4439 1213 4497 apparent,
1230 4431 1287 4492 ΜΒ,

306 4509 364 4561 MS.
518 4567 520 4571 ¹
893 4510 1056 4578 'inquirentfl
1075 4517 1123 4564 om.
1142 4515 1171 4568 C.

338 4590 501 4656 ἐμπίτνω]
522 4589 578 4641 Ms.
591 4590 641 4640 and
652 4589 681 4643 0.
694 4589 758 4640 omit
768 4588 812 4639 tbe
890 4588 1064 4658 ‘wnttalemJ
1083 4593 1210 4660 variatae,
1229 4598 1289 4653 MS,
1313 4603 1364 4654 and

304 4668 428 4720 ᾱίνίιίοιε
439 4670 489 4720 aad
500 4668 623 4736 hesdinge
634 4669 665 4721 of
678 4668 722 4720 the
735 4669 812 4734 chap-
857 4667 923 4720 libri.

304 4756 365 4800 ten.
