3586 5640
306 775 420 862 11111]
701 789 788 840 orus
809 788 968 841 1116111111.
1295 775 1360 847 227

303 970 322 1002 “
344 965 465 1052 species
502 964 722 1052 formulasque
769 963 928 1043 concedit,
963 963 1095 1049 quando
1130 985 1243 1029 cursus
1280 966 1358 1031 stel-

306 1075 323 1104 “
346 1069 452 1133 larum
474 1069 625 1154 potentia
647 1067 826 1133 reverenda
849 1065 1028 1143 distribuit,
1048 1070 1083 1131 et
1105 1068 1240 1133 statutis
1263 1068 1358 1133 lineis

306 1179 323 1205 “
346 1170 425 1236 fecit
447 1191 575 1235 currere
596 1191 672 1255 quae
693 1173 879 1246 moventur,
903 1172 1056 1253 certaque
1077 1168 1161 1247 sede,
1183 1190 1257 1254 quse
1279 1175 1358 1235 sunt

308 1279 325 1309 “
347 1273 425 1351 fixa,
457 1272 640 1349 constituit,
671 1269 826 1357 quicquid
859 1270 944 1337 bene
978 1270 1164 1356 disponitur
1200 1293 1238 1336 ac
1272 1292 1359 1337 oom-

306 1383 325 1412 “
348 1374 464 1461 pletur,
492 1378 602 1460 potest
630 1374 727 1459 hujus
757 1373 904 1440 6616111166
930 1373 1148 1459 qualitatibus
1173 1373 1359 1461 applicari'’

308 1477 354 1541 Et
383 1477 512 1542 ostendi
545 1476 605 1542 hoc
634 1498 693 1562 per
723 1476 874 1562 exempla
906 1476 1060 1563 specialia
1088 1475 1130 1540 de
1161 1477 1260 1557 Iride,
1285 1498 1359 1563 quse

307 1581 477 1646 invenitur
497 1580 619 1666 pluries
641 1580 677 1644 in
708 1578 896 1665 Scriptura3
925 1583 961 1645 et
987 1577 1151 1664 quomodo
1176 1580 1224 1643 sol
1250 1581 1359 1666 tripli-

308 1684 389 1748 citer
422 1682 534 1747 exurit
562 1686 699 1758 montes,
733 1680 950 1746 Ecclesiastici
980 1680 1230 1769 quadragesimo
1260 1683 1359 1748 tertio

308 1786 379 1871 [3.],
406 1806 465 1869 per
494 1784 604 1849 radios
635 1782 825 1863 incidentes,
856 1788 891 1848 et
924 1783 1072 1863 reflexos,
1104 1787 1138 1848 et
1169 1783 1297 1865 fractos,
1325 1789 1360 1850 et

308 1888 429 1951 iterum
451 1907 509 1972 per
530 1886 691 1970 triplicem
718 1885 945 1950 diversitatem
975 1884 1181 1972 angulorum,
1204 1891 1239 1952 et
1261 1888 1360 1952 tertio

309 2011 368 2075 per
389 1988 552 2074 triplicem
574 1987 812 2074 figurationem
858 1987 904 2053 Et
926 1987 1002 2054 ideo
1028 2010 1096 2053 non
1118 1989 1223 2054 solum
1245 1987 1358 2054 simul¹

309 2092 420 2156 exurit
441 2095 570 2156 montes
591 2091 776 2176 tripliciter,
799 2089 857 2155 sed
878 2089 986 2156 tribus
1009 2090 1116 2156 modis
1137 2092 1261 2156 trinam
1282 2092 1362 2157 facit

311 2194 577 2259 combustionem.
638 2192 684 2258 Et
721 2213 796 2258 cum
832 2192 869 2256 in
906 2192 1020 2258 eodem
1057 2193 1127 2258 loco
1163 2194 1292 2272 dicitur,
1326 2195 1362 2258 in

310 2297 493 2362 meridiano
524 2296 573 2361 sol
603 2296 714 2361 exurit
739 2299 869 2372 terram,
900 2295 961 2360 hoc
990 2300 1042 2360 est
1069 2295 1131 2360 sub
1165 2296 1298 2383 tropicis
1328 2302 1363 2362 et

310 2421 420 2487 prope,
436 2421 513 2463 narn
536 2399 620 2463 radii
642 2403 780 2484 possunt
802 2397 850 2462 ibi
873 2397 987 2464 eadere
1008 2399 1098 2478 recti,
1118 2401 1169 2465 611
1191 2421 1258 2465 non
1280 2402 1363 2466 citra

311 2503 483 2588 tropicum,
514 2501 592 2586 quia
623 2499 707 2565 eitra
736 2500 936 2587 franguntur
968 2521 1089 2581 omnes,
1113 2501 1194 2567 item
1227 2502 1271 2566 ad
1304 2524 1363 2567 an·

311 2603 406 2690 gulos
438 2606 550 2678 rectos,
573 2607 608 2668 et
639 2623 706 2667 non
737 2603 827 2669 citra
879 2603 965 2668 Item
999 2605 1211 2690 geminantur
1243 2627 1285 2671 ex
1313 2626 1362 2670 re·

312 2706 460 2771 flexione.
521 2703 609 2768 Item
645 2703 810 2770 breviores
844 2709 923 2771 sunt
959 2707 1152 2791 pyramides
1210 2707 1256 2772 Et
1289 2729 1363 2772 cum

313 2807 457 2893 theologi
480 2810 630 2890 quaerant
652 2806 759 2872 multa
783 2807 823 2871 de
846 2806 926 2886 luce,
950 2808 1031 2891 quid
1054 2808 1105 2885 sit,
1129 2813 1165 2873 et
1187 2809 1258 2894 ejus
1280 2809 1363 2873 mul-

312 2909 520 3026 tiplicatione
552 2912 587 2972 et
617 2908 754 2986 actione,
786 2908 872 2974 nihil
906 2909 1043 2994 dignum
1076 2914 1186 2995 potest
1219 2910 1293 2973 sciri
1324 2909 1365 2974 de

313 3014 366 3079 his
403 3012 472 3076 siue
506 3010 705 3096 geometrica
735 3016 919 3098 potestate.
954 3011 1040 3076 siout
1071 3010 1172 3076 etiam
1205 3015 1367 3077 tractatus
1382 3028 1506 3080 nerant

314 3115 355 3180 de
384 3113 499 3178 Radiis
529 3112 728 3192 manifestet,
756 3135 853 3198 quem
883 3112 978 3178 vobis
1004 3111 1102 3179 misi³
1127 3115 1345 3200 separatima
1325 3112 1397 3180 ab⁸
1380 3096 1506 3227 ωωξκ

316 3218 422 3303 Opere
447 3214 513 3298 Maj
517 3216 575 3296 ori,
599 3218 634 3278 61
657 3214 703 3279 sic
726 3214 766 3278 de
789 3215 863 3279 aliis
885 3215 1032 3281 infinitis.
1380 3229 1475 3279 notin·

361 3319 406 3382 Et
428 3323 541 3404 postea
563 3338 714 3402 comparo
736 3317 1025 3404 multiplicationes
1047 3319 1233 3404 specierum,
1256 3341 1367 3386 secun·
1380 3297 1423 3415 {1¹1¹}
1422 3294 1509 3426 ᾱὸἳ)
1494 3376 1506 3411 s

316 3421 395 3484 dum
417 3420 464 3504 fis*
444 3441 540 3504 ‹gurss
562 3419 786 3504 geometricas,
802 3421 845 3485 ad
860 3420 1017 3487 veritates
1040 3422 1156 3507 gratiae
1179 3430 1213 3489 et
1235 3426 1426 3510 peccatis
1382 3429 1472 3492 Malu·

316 3528 351 3588 et
380 3523 423 3586 sd
454 3522 614 3586 veritates
647 3520 760 3607 gloriae
785 3526 819 3586 et
842 3543 948 3608 poenae
982 3524 1219 3590 damnatorum.
1281 3527 1368 3592 Nam

317 3625 426 3712 gratia
463 3627 557 3689 tenet
590 3623 751 3689 incessum
782 3629 909 3690 rectum
938 3625 975 3689 in
997 3625 1186 3691 hominibus
1209 3627 1368 3712 perfectis,

317 3726 374 3793 et²
412 3725 573 3791 incessum
610 3725 752 3792 fractum
789 3727 824 3791 in
861 3726 1069 3813 imperfectis,
1107 3733 1141 3792 61
1188 3728 1369 3793 reflectitur

318 3851 339 3892 a
358 3827 464 3892 malis.
513 3826 581 3892 Sed
602 3827 645 3892 ab
668 3826 850 3914 hypocritis
873 3834 1032 3914 tanquam
1054 3850 1076 3893 a
1098 3830 1236 3915 speculis
1258 3829 1371 3916 politis

320 3952 377 4017 per
399 3928 604 3994 honestatem
631 3930 837 4011 exteriorem,
864 3932 908 3996 ab
934 3930 1070 4018 aperte*
1091 3932 1187 3996 malis
1212 3937 1371 4017 tanquam

320 4033 363 4097 ab
389 4032 512 4117 asperis
542 4032 835 4118 corporibusque
865 4033 1026 4120 dissipant
1051 4033 1166 4116 lucem,
1190 4039 1225 4100 et
1248 4034 1373 4101 faciunt

321 4133 550 4214 insensibilem,
585 4134 671 4198 sicut
704 4134 783 4198 mali
821 4140 932 4220 aperte
966 4137 1024 4221 qui
1055 4137 1090 4200 in
1128 4159 1162 4201 se
1193 4153 1228 4203 et
1265 4158 1373 4203 coram

320 4237 394 4303 aliis
415 4240 521 4302 totam
544 4235 712 4303 ecclesiam
734 4235 903 4327 dissipant.
950 4236 995 4303 Et
1010 4238 1056 4305 sic
1078 4240 1200 4306 multas
1222 4242 1374 4330 pulchras

911 4619 921 4647 ³
932 4615 999 4666 mdis
1009 4617 1077 4684 11161]
1095 4619 1153 4671 misi
1165 4620 1245 4683 vobis,
1256 4621 1288 4674 Τ.

911 4698 920 4726 ⁴
931 4694 963 4745 ab
974 4697 1070 4763 operte]
1088 4699 1273 4764 6166611611.

1178 4795 1200 4842 Ρ
1223 4781 1244 4842 2
