<?xml version="1.0" encoding="UTF-8"?>
<!DOCTYPE html PUBLIC "-//W3C//DTD XHTML 1.0 Transitional//EN"
    "http://www.w3.org/TR/xhtml1/DTD/xhtml1-transitional.dtd">
<html xmlns="http://www.w3.org/1999/xhtml" xml:lang="en" lang="en">
 <head>
  <title>
</title>
<meta http-equiv="Content-Type" content="text/html;charset=utf-8" />
  <meta name='ocr-system' content='tesseract 3.04.00' />
  <meta name='ocr-capabilities' content='ocr_page ocr_carea ocr_par ocr_line ocrx_word'/>
</head>
<body>
  <div class='ocr_page' id='page_1' title='image "./operaqudamhacte00bacogoog_0491.png"; bbox 0 0 3586 5640; ppageno 0'>
   <div class='ocr_carea' id='block_1_1' title="bbox 670 767 1357 838">
    <p class='ocr_par' dir='ltr' id='par_1_1' title="bbox 670 767 1357 838">
     <span class='ocr_line' id='line_1_1' title="bbox 670 767 1357 838; baseline 0.012 -14"><span class='ocrx_word' id='word_1_1' title='bbox 670 821 672 824; x_wconf 83' lang='lat'>.</span> <span class='ocrx_word' id='word_1_2' title='bbox 719 781 806 832; x_wconf 82' lang='lat' dir='ltr'>oros</span> <span class='ocrx_word' id='word_1_3' title='bbox 828 782 946 834; x_wconf 78' lang='lat' dir='ltr'>mua</span> <span class='ocrx_word' id='word_1_4' title='bbox 1293 767 1357 838; x_wconf 78' lang='lat'>875</span> 
     </span>
    </p>
   </div>
   <div class='ocr_carea' id='block_1_2' title="bbox 306 950 1357 1039">
    <p class='ocr_par' dir='ltr' id='par_1_2' title="bbox 306 950 1357 1039">
     <span class='ocr_line' id='line_1_2' title="bbox 306 950 1357 1039; baseline -0.001 -17"><span class='ocrx_word' id='word_1_5' title='bbox 306 950 422 1022; x_wconf 80' lang='lat' dir='ltr'>unicus</span> <span class='ocrx_word' id='word_1_6' title='bbox 443 951 520 1039; x_wconf 60' lang='lat' dir='ltr'>‘qui</span> <span class='ocrx_word' id='word_1_7' title='bbox 563 951 680 1019; x_wconf 84' lang='lat' dir='ltr'>saltem</span> <span class='ocrx_word' id='word_1_8' title='bbox 726 952 843 1020; x_wconf 82' lang='lat' dir='ltr'>leviter</span> <span class='ocrx_word' id='word_1_9' title='bbox 888 953 1017 1020; x_wconf 76' lang='lat' dir='ltr'>curabit</span> <span class='ocrx_word' id='word_1_10' title='bbox 1049 958 1083 1020; x_wconf 89' lang='lat' dir='ltr'>et</span> <span class='ocrx_word' id='word_1_11' title='bbox 1120 1001 1345 1023; x_wconf 89' lang='grc'><strong>........</strong></span> <span class='ocrx_word' id='word_1_12' title='bbox 1347 955 1357 994; x_wconf 91' lang='lat'><strong>¹</strong></span> 
     </span>
    </p>
   </div>
   <div class='ocr_carea' id='block_1_3' title="bbox 304 1199 1482 1343">
    <p class='ocr_par' dir='ltr' id='par_1_3' title="bbox 304 1199 1482 1343">
     <span class='ocr_line' id='line_1_3' title="bbox 304 1199 1482 1343; baseline 0 -20"><span class='ocrx_word' id='word_1_13' title='bbox 304 1199 425 1339; x_wconf 77' lang='lat' dir='ltr'>partim</span> <span class='ocrx_word' id='word_1_14' title='bbox 448 1203 526 1320; x_wconf 75' lang='lat' dir='ltr'>sunt</span> <span class='ocrx_word' id='word_1_15' title='bbox 548 1202 628 1340; x_wconf 78' lang='lat' dir='ltr'>epte</span> <span class='ocrx_word' id='word_1_16' title='bbox 649 1201 787 1343; x_wconf 76' lang='lat' dir='ltr'>argento</span> <span class='ocrx_word' id='word_1_17' title='bbox 805 1260 840 1322; x_wconf 86' lang='lat' dir='ltr'>et</span> <span class='ocrx_word' id='word_1_18' title='bbox 862 1205 970 1343; x_wconf 72' lang='lat' dir='ltr'>eopse,</span> <span class='ocrx_word' id='word_1_19' title='bbox 994 1205 1133 1323; x_wconf 68' lang='lat' dir='ltr'>formam</span> <span class='ocrx_word' id='word_1_20' title='bbox 1150 1200 1262 1322; x_wconf 79' lang='lat' dir='ltr'>temen</span> <span class='ocrx_word' id='word_1_21' title='bbox 1285 1203 1357 1323; x_wconf 73' lang='lat' dir='ltr'>auri</span> <span class='ocrx_word' id='word_1_22' title='bbox 1370 1266 1441 1320; x_wconf 72' lang='lat' dir='ltr'>Trio</span> <span class='ocrx_word' id='word_1_23' title='bbox 1452 1272 1482 1323; x_wconf 68' lang='grc' dir='ltr'>οι</span> 
     </span>
    </p>
   </div>
   <div class='ocr_carea' id='block_1_4' title="bbox 305 1338 1495 1456">
    <p class='ocr_par' dir='ltr' id='par_1_4' title="bbox 305 1338 1495 1456">
     <span class='ocr_line' id='line_1_4' title="bbox 305 1338 1495 1456; baseline 0.004 -38"><span class='ocrx_word' id='word_1_24' title='bbox 305 1355 467 1440; x_wconf 88' lang='lat' dir='ltr'>recipiunt</span> <span class='ocrx_word' id='word_1_25' title='bbox 499 1355 557 1419; x_wconf 90' lang='lat' dir='ltr'>sed</span> <span class='ocrx_word' id='word_1_26' title='bbox 586 1355 824 1443; x_wconf 86' lang='lat' dir='ltr'>incompletam,</span> <span class='ocrx_word' id='word_1_27' title='bbox 848 1379 907 1422; x_wconf 86' lang='lat' dir='ltr'>neo</span> <span class='ocrx_word' id='word_1_28' title='bbox 940 1361 991 1424; x_wconf 84' lang='lat' dir='ltr'>est</span> <span class='ocrx_word' id='word_1_29' title='bbox 1024 1360 1151 1422; x_wconf 81' lang='lat' dir='ltr'>eentum</span> <span class='ocrx_word' id='word_1_30' title='bbox 1172 1338 1495 1456; x_wconf 56' lang='lat' dir='ltr'>damtionofflssffl</span> 
     </span>
    </p>
   </div>
   <div class='ocr_carea' id='block_1_5' title="bbox 165 1456 1499 4168">
    <p class='ocr_par' dir='ltr' id='par_1_5' title="bbox 165 1456 1499 4168">
     <span class='ocr_line' id='line_1_5' title="bbox 304 1456 1435 1545; baseline -0.001 -24"><span class='ocrx_word' id='word_1_31' title='bbox 304 1476 380 1541; x_wconf 86' lang='lat' dir='ltr'>quae</span> <span class='ocrx_word' id='word_1_32' title='bbox 402 1456 540 1523; x_wconf 86' lang='lat' dir='ltr'>debetur</span> <span class='ocrx_word' id='word_1_33' title='bbox 561 1479 641 1524; x_wconf 89' lang='lat' dir='ltr'>auro</span> <span class='ocrx_word' id='word_1_34' title='bbox 671 1458 822 1544; x_wconf 84' lang='lat' dir='ltr'>perfecto,</span> <span class='ocrx_word' id='word_1_35' title='bbox 847 1459 904 1525; x_wconf 89' lang='lat' dir='ltr'>sed</span> <span class='ocrx_word' id='word_1_36' title='bbox 926 1479 1000 1545; x_wconf 79' lang='lat' dir='ltr'>qnae</span> <span class='ocrx_word' id='word_1_37' title='bbox 1030 1459 1066 1523; x_wconf 90' lang='lat' dir='ltr'>in</span> <span class='ocrx_word' id='word_1_38' title='bbox 1088 1463 1182 1544; x_wconf 81' lang='lat' dir='ltr'>perte</span> <span class='ocrx_word' id='word_1_39' title='bbox 1205 1460 1357 1544; x_wconf 80' lang='lat' dir='ltr'>congruit</span> <span class='ocrx_word' id='word_1_40' title='bbox 1369 1469 1435 1532; x_wconf 74' lang='lat' dir='ltr'>gele</span> 
     </span>
     <span class='ocr_line' id='line_1_6' title="bbox 305 1559 1357 1646; baseline 0.004 -24"><span class='ocrx_word' id='word_1_41' title='bbox 305 1561 444 1642; x_wconf 78' lang='lat' dir='ltr'>argento</span> <span class='ocrx_word' id='word_1_42' title='bbox 466 1563 500 1622; x_wconf 89' lang='lat' dir='ltr'>et</span> <span class='ocrx_word' id='word_1_43' title='bbox 528 1580 635 1645; x_wconf 86' lang='lat' dir='ltr'>cupro.</span> <span class='ocrx_word' id='word_1_44' title='bbox 682 1560 727 1625; x_wconf 86' lang='lat' dir='ltr'>Et</span> <span class='ocrx_word' id='word_1_45' title='bbox 756 1582 815 1646; x_wconf 91' lang='lat' dir='ltr'>pro</span> <span class='ocrx_word' id='word_1_46' title='bbox 845 1565 940 1626; x_wconf 85' lang='lat' dir='ltr'>tanto</span> <span class='ocrx_word' id='word_1_47' title='bbox 978 1560 1100 1626; x_wconf 87' lang='lat' dir='ltr'>dieitur</span> <span class='ocrx_word' id='word_1_48' title='bbox 1129 1559 1212 1624; x_wconf 82' lang='lat' dir='ltr'>illud</span> <span class='ocrx_word' id='word_1_49' title='bbox 1241 1582 1357 1626; x_wconf 88' lang='lat' dir='ltr'>aurum</span> 
     </span>
     <span class='ocr_line' id='line_1_7' title="bbox 306 1657 1359 1748; baseline 0.004 -26"><span class='ocrx_word' id='word_1_50' title='bbox 306 1657 426 1723; x_wconf 87' lang='lat' dir='ltr'>habere</span> <span class='ocrx_word' id='word_1_51' title='bbox 463 1659 584 1744; x_wconf 80' lang='lat' dir='ltr'>gradus</span> <span class='ocrx_word' id='word_1_52' title='bbox 621 1660 748 1744; x_wconf 87' lang='lat' dir='ltr'>aliquos</span> <span class='ocrx_word' id='word_1_53' title='bbox 785 1662 916 1748; x_wconf 78' lang='lat' dir='ltr'><strong>argenti</strong></span> <span class='ocrx_word' id='word_1_54' title='bbox 952 1663 1007 1726; x_wconf 88' lang='lat' dir='ltr'>vel</span> <span class='ocrx_word' id='word_1_55' title='bbox 1038 1662 1139 1746; x_wconf 83' lang='lat' dir='ltr'>cupri,</span> <span class='ocrx_word' id='word_1_56' title='bbox 1178 1661 1228 1726; x_wconf 84' lang='lat' dir='ltr'>ita</span> <span class='ocrx_word' id='word_1_57' title='bbox 1270 1661 1359 1746; x_wconf 91' lang='lat' dir='ltr'>quod</span> 
     </span>
     <span class='ocr_line' id='line_1_8' title="bbox 306 1761 1361 1847; baseline 0.004 -24"><span class='ocrx_word' id='word_1_58' title='bbox 306 1780 425 1824; x_wconf 88' lang='lat' dir='ltr'>aurum</span> <span class='ocrx_word' id='word_1_59' title='bbox 447 1763 588 1845; x_wconf 84' lang='lat' dir='ltr'>quatuor</span> <span class='ocrx_word' id='word_1_60' title='bbox 609 1762 770 1846; x_wconf 83' lang='lat' dir='ltr'>graduum</span> <span class='ocrx_word' id='word_1_61' title='bbox 793 1762 838 1828; x_wconf 86' lang='lat' dir='ltr'>sit</span> <span class='ocrx_word' id='word_1_62' title='bbox 860 1763 1023 1847; x_wconf 89' lang='lat' dir='ltr'>optimum</span> <span class='ocrx_word' id='word_1_63' title='bbox 1045 1761 1133 1845; x_wconf 91' lang='lat' dir='ltr'>quod</span> <span class='ocrx_word' id='word_1_64' title='bbox 1155 1765 1266 1847; x_wconf 87' lang='lat' dir='ltr'>potest</span> <span class='ocrx_word' id='word_1_65' title='bbox 1288 1761 1361 1827; x_wconf 87' lang='lat' dir='ltr'>fieri</span> 
     </span>
     <span class='ocr_line' id='line_1_9' title="bbox 307 1861 1362 1949; baseline 0.004 -26"><span class='ocrx_word' id='word_1_66' title='bbox 307 1881 365 1945; x_wconf 90' lang='lat' dir='ltr'>per</span> <span class='ocrx_word' id='word_1_67' title='bbox 401 1865 562 1931; x_wconf 72' lang='lat' dir='ltr'>naturam</span> <span class='ocrx_word' id='word_1_68' title='bbox 608 1861 675 1928; x_wconf 87' lang='lat' dir='ltr'>Sed</span> <span class='ocrx_word' id='word_1_69' title='bbox 709 1884 826 1928; x_wconf 88' lang='lat' dir='ltr'>aurum</span> <span class='ocrx_word' id='word_1_70' title='bbox 858 1885 918 1949; x_wconf 87' lang='lat' dir='ltr'>per</span> <span class='ocrx_word' id='word_1_71' title='bbox 936 1861 1185 1948; x_wconf 82' lang='lat' dir='ltr'>magisterium,</span> <span class='ocrx_word' id='word_1_72' title='bbox 1208 1865 1248 1927; x_wconf 85' lang='lat' dir='ltr'>ut</span> <span class='ocrx_word' id='word_1_73' title='bbox 1280 1861 1362 1928; x_wconf 85' lang='lat' dir='ltr'>dicit</span> 
     </span>
     <span class='ocr_line' id='line_1_10' title="bbox 306 1960 1362 2042; baseline 0.002 -16"><span class='ocrx_word' id='word_1_74' title='bbox 306 1960 485 2041; x_wconf 82' lang='lat' dir='ltr'>Avioenna,</span> <span class='ocrx_word' id='word_1_75' title='bbox 522 1962 606 2027; x_wconf 91' lang='lat' dir='ltr'>libro</span> <span class='ocrx_word' id='word_1_76' title='bbox 641 1963 693 2028; x_wconf 90' lang='lat' dir='ltr'>De</span> <span class='ocrx_word' id='word_1_77' title='bbox 725 1962 857 2042; x_wconf 77' lang='lat' dir='ltr'>Anima,</span> <span class='ocrx_word' id='word_1_78' title='bbox 888 1967 939 2029; x_wconf 87' lang='lat' dir='ltr'>est</span> <span class='ocrx_word' id='word_1_79' title='bbox 970 1963 1086 2028; x_wconf 87' lang='lat' dir='ltr'>melius</span> <span class='ocrx_word' id='word_1_80' title='bbox 1117 1962 1269 2028; x_wconf 86' lang='lat' dir='ltr'>naturali.</span> <span class='ocrx_word' id='word_1_81' title='bbox 1315 1962 1362 2028; x_wconf 85' lang='lat' dir='ltr'>Et</span> 
     </span>
     <span class='ocr_line' id='line_1_11' title="bbox 306 2062 1362 2148; baseline 0.001 -21"><span class='ocrx_word' id='word_1_82' title='bbox 306 2063 458 2128; x_wconf 82' lang='lat' dir='ltr'>similiter</span> <span class='ocrx_word' id='word_1_83' title='bbox 491 2068 541 2128; x_wconf 86' lang='lat' dir='ltr'>eat</span> <span class='ocrx_word' id='word_1_84' title='bbox 575 2085 696 2148; x_wconf 81' lang='lat' dir='ltr'>magne</span> <span class='ocrx_word' id='word_1_85' title='bbox 729 2063 916 2129; x_wconf 82' lang='lat' dir='ltr'>differentia</span> <span class='ocrx_word' id='word_1_86' title='bbox 947 2063 1035 2128; x_wconf 85' lang='lat' dir='ltr'>inter</span> <span class='ocrx_word' id='word_1_87' title='bbox 1068 2062 1184 2128; x_wconf 87' lang='lat' dir='ltr'>modos</span> <span class='ocrx_word' id='word_1_88' title='bbox 1214 2063 1288 2128; x_wconf 87' lang='lat' dir='ltr'>auri</span> <span class='ocrx_word' id='word_1_89' title='bbox 1320 2063 1362 2128; x_wconf 86' lang='lat' dir='ltr'>de</span> 
     </span>
     <span class='ocr_line' id='line_1_12' title="bbox 306 2163 1363 2251; baseline 0.002 -25"><span class='ocrx_word' id='word_1_90' title='bbox 306 2163 503 2248; x_wconf 85' lang='lat' dir='ltr'>magisterio,</span> <span class='ocrx_word' id='word_1_91' title='bbox 536 2167 570 2227; x_wconf 86' lang='lat' dir='ltr'>et</span> <span class='ocrx_word' id='word_1_92' title='bbox 602 2164 764 2248; x_wconf 90' lang='lat' dir='ltr'>optimum</span> <span class='ocrx_word' id='word_1_93' title='bbox 796 2169 846 2229; x_wconf 88' lang='lat' dir='ltr'>est</span> <span class='ocrx_word' id='word_1_94' title='bbox 878 2165 966 2249; x_wconf 90' lang='lat' dir='ltr'>quod</span> <span class='ocrx_word' id='word_1_95' title='bbox 993 2163 1033 2229; x_wconf 86' lang='lat' dir='ltr'>fit</span> <span class='ocrx_word' id='word_1_96' title='bbox 1068 2185 1126 2251; x_wconf 88' lang='lat' dir='ltr'>per</span> <span class='ocrx_word' id='word_1_97' title='bbox 1157 2163 1241 2228; x_wconf 85' lang='lat' dir='ltr'>illud</span> <span class='ocrx_word' id='word_1_98' title='bbox 1275 2165 1363 2248; x_wconf 90' lang='lat' dir='ltr'>quod</span> 
     </span>
     <span class='ocr_line' id='line_1_13' title="bbox 307 2263 1364 2351; baseline 0.002 -24"><span class='ocrx_word' id='word_1_99' title='bbox 307 2268 357 2328; x_wconf 88' lang='lat' dir='ltr'>est</span> <span class='ocrx_word' id='word_1_100' title='bbox 378 2263 515 2347; x_wconf 79' lang='lat' dir='ltr'>aequalis</span> <span class='ocrx_word' id='word_1_101' title='bbox 537 2264 778 2349; x_wconf 76' lang='lat' dir='ltr'>complexionis.</span> <span class='ocrx_word' id='word_1_102' title='bbox 826 2265 872 2330; x_wconf 86' lang='lat' dir='ltr'>Et</span> <span class='ocrx_word' id='word_1_103' title='bbox 894 2265 1068 2351; x_wconf 82' lang='lat' dir='ltr'>prolongat</span> <span class='ocrx_word' id='word_1_104' title='bbox 1090 2265 1218 2345; x_wconf 87' lang='lat' dir='ltr'>vitam;</span> <span class='ocrx_word' id='word_1_105' title='bbox 1240 2265 1364 2330; x_wconf 79' lang='lat' dir='ltr'>scilieet</span> 
     </span>
     <span class='ocr_line' id='line_1_14' title="bbox 306 2363 1363 2454; baseline 0.001 -26"><span class='ocrx_word' id='word_1_106' title='bbox 306 2365 347 2428; x_wconf 89' lang='lat' dir='ltr'>de</span> <span class='ocrx_word' id='word_1_107' title='bbox 370 2364 422 2427; x_wconf 88' lang='lat' dir='ltr'>his</span> <span class='ocrx_word' id='word_1_108' title='bbox 444 2363 550 2428; x_wconf 75' lang='lat' dir='ltr'>ttotus</span> <span class='ocrx_word' id='word_1_109' title='bbox 572 2368 623 2430; x_wconf 87' lang='lat' dir='ltr'>est</span> <span class='ocrx_word' id='word_1_110' title='bbox 638 2385 742 2429; x_wconf 81' lang='lat' dir='ltr'>senno</span> <span class='ocrx_word' id='word_1_111' title='bbox 765 2365 856 2452; x_wconf 88' lang='lat' dir='ltr'>prius</span> <span class='ocrx_word' id='word_1_112' title='bbox 877 2367 940 2433; x_wconf 89' lang='lat' dir='ltr'>sub</span> <span class='ocrx_word' id='word_1_113' title='bbox 961 2367 1147 2454; x_wconf 73' lang='lat' dir='ltr'>aenigmate,</span> <span class='ocrx_word' id='word_1_114' title='bbox 1170 2369 1211 2432; x_wconf 85' lang='lat' dir='ltr'>ut</span> <span class='ocrx_word' id='word_1_115' title='bbox 1232 2365 1363 2451; x_wconf 77' lang='lat' dir='ltr'>plenius</span> 
     </span>
     <span class='ocr_line' id='line_1_15' title="bbox 307 2464 1363 2555; baseline 0.003 -26"><span class='ocrx_word' id='word_1_116' title='bbox 307 2465 410 2530; x_wconf 88' lang='lat' dir='ltr'>sitin</span> <span class='ocrx_word' id='word_1_117' title='bbox 432 2469 526 2550; x_wconf 84' lang='lat' dir='ltr'>parte</span> <span class='ocrx_word' id='word_1_118' title='bbox 549 2464 667 2530; x_wconf 89' lang='lat' dir='ltr'>ultima</span> <span class='ocrx_word' id='word_1_119' title='bbox 689 2470 852 2533; x_wconf 82' lang='lat' dir='ltr'>tractatus</span> <span class='ocrx_word' id='word_1_120' title='bbox 883 2487 950 2532; x_wconf 90' lang='lat' dir='ltr'>non</span> <span class='ocrx_word' id='word_1_121' title='bbox 972 2467 1078 2534; x_wconf 84' lang='lat' dir='ltr'>solum</span> <span class='ocrx_word' id='word_1_122' title='bbox 1100 2466 1268 2555; x_wconf 80' lang='lat' dir='ltr'>generatio</span> <span class='ocrx_word' id='word_1_123' title='bbox 1290 2467 1363 2532; x_wconf 89' lang='lat' dir='ltr'>auri</span> 
     </span>
     <span class='ocr_line' id='line_1_16' title="bbox 307 2568 1362 2655; baseline 0.003 -25"><span class='ocrx_word' id='word_1_124' title='bbox 307 2572 342 2631; x_wconf 88' lang='lat' dir='ltr'>et</span> <span class='ocrx_word' id='word_1_125' title='bbox 372 2568 587 2653; x_wconf 86' lang='lat' dir='ltr'>proprietates</span> <span class='ocrx_word' id='word_1_126' title='bbox 622 2568 788 2634; x_wconf 76' lang='lat' dir='ltr'><strong>naturales</strong></span> <span class='ocrx_word' id='word_1_127' title='bbox 820 2571 855 2633; x_wconf 90' lang='lat' dir='ltr'>et</span> <span class='ocrx_word' id='word_1_128' title='bbox 881 2568 1035 2633; x_wconf 86' lang='lat' dir='ltr'>conflatio</span> <span class='ocrx_word' id='word_1_129' title='bbox 1073 2590 1111 2634; x_wconf 83' lang='lat' dir='ltr'>ao</span> <span class='ocrx_word' id='word_1_130' title='bbox 1144 2568 1362 2655; x_wconf 86' lang='lat' dir='ltr'>proprietates</span> 
     </span>
     <span class='ocr_line' id='line_1_17' title="bbox 306 2668 1361 2755; baseline 0.002 -24"><span class='ocrx_word' id='word_1_131' title='bbox 306 2674 341 2732; x_wconf 86' lang='lat' dir='ltr'>et</span> <span class='ocrx_word' id='word_1_132' title='bbox 372 2668 494 2753; x_wconf 85' lang='lat' dir='ltr'>speeies</span> <span class='ocrx_word' id='word_1_133' title='bbox 525 2669 723 2734; x_wconf 82' lang='lat' dir='ltr'>considerari</span> <span class='ocrx_word' id='word_1_134' title='bbox 755 2669 860 2747; x_wconf 79' lang='lat' dir='ltr'>diotae,</span> <span class='ocrx_word' id='word_1_135' title='bbox 888 2670 945 2735; x_wconf 86' lang='lat' dir='ltr'>sed</span> <span class='ocrx_word' id='word_1_136' title='bbox 977 2670 1129 2755; x_wconf 89' lang='lat' dir='ltr'>probatio</span> <span class='ocrx_word' id='word_1_137' title='bbox 1161 2669 1232 2754; x_wconf 88' lang='lat' dir='ltr'>ejus</span> <span class='ocrx_word' id='word_1_138' title='bbox 1263 2674 1361 2748; x_wconf 88' lang='lat' dir='ltr'>oerta,</span> 
     </span>
     <span class='ocr_line' id='line_1_18' title="bbox 306 2769 1363 2856; baseline 0.002 -25"><span class='ocrx_word' id='word_1_139' title='bbox 306 2790 410 2832; x_wconf 92' lang='lat' dir='ltr'>unum</span> <span class='ocrx_word' id='word_1_140' title='bbox 433 2770 522 2834; x_wconf 90' lang='lat' dir='ltr'>enim</span> <span class='ocrx_word' id='word_1_141' title='bbox 544 2775 596 2835; x_wconf 86' lang='lat' dir='ltr'>est</span> <span class='ocrx_word' id='word_1_142' title='bbox 619 2772 707 2853; x_wconf 91' lang='lat' dir='ltr'>quod</span> <span class='ocrx_word' id='word_1_143' title='bbox 741 2771 892 2856; x_wconf 82' lang='lat' dir='ltr'>probatio</span> <span class='ocrx_word' id='word_1_144' title='bbox 921 2771 1091 2856; x_wconf 73' lang='lat' dir='ltr'>colligitur</span> <span class='ocrx_word' id='word_1_145' title='bbox 1113 2769 1214 2854; x_wconf 86' lang='lat' dir='ltr'>ipsius</span> <span class='ocrx_word' id='word_1_146' title='bbox 1248 2769 1363 2833; x_wconf 89' lang='lat' dir='ltr'>multis</span> 
     </span>
     <span class='ocr_line' id='line_1_19' title="bbox 307 2868 1361 2954; baseline -0.003 -20"><span class='ocrx_word' id='word_1_147' title='bbox 307 2870 418 2935; x_wconf 85' lang='lat' dir='ltr'>modis</span> <span class='ocrx_word' id='word_1_148' title='bbox 465 2871 553 2936; x_wconf 88' lang='lat' dir='ltr'>Nam</span> <span class='ocrx_word' id='word_1_149' title='bbox 577 2871 731 2942; x_wconf 85' lang='lat' dir='ltr'>conflatio</span> <span class='ocrx_word' id='word_1_150' title='bbox 753 2870 834 2937; x_wconf 83' lang='lat' dir='ltr'>feeit</span> <span class='ocrx_word' id='word_1_151' title='bbox 856 2871 900 2938; x_wconf 85' lang='lat' dir='ltr'>ad</span> <span class='ocrx_word' id='word_1_152' title='bbox 919 2871 981 2935; x_wconf 86' lang='lat' dir='ltr'>hoe</span> <span class='ocrx_word' id='word_1_153' title='bbox 996 2875 1030 2935; x_wconf 87' lang='lat' dir='ltr'>et</span> <span class='ocrx_word' id='word_1_154' title='bbox 1052 2868 1256 2954; x_wconf 72' lang='lat' dir='ltr'>operationes</span> <span class='ocrx_word' id='word_1_155' title='bbox 1276 2868 1361 2951; x_wconf 81' lang='lat' dir='ltr'>ejus3</span> 
     </span>
     <span class='ocr_line' id='line_1_20' title="bbox 307 2970 1362 3058; baseline -0.002 -23"><span class='ocrx_word' id='word_1_156' title='bbox 307 2971 386 3056; x_wconf 86' lang='lat' dir='ltr'>quia</span> <span class='ocrx_word' id='word_1_157' title='bbox 408 2992 466 3058; x_wconf 89' lang='lat' dir='ltr'>per</span> <span class='ocrx_word' id='word_1_158' title='bbox 488 2973 696 3058; x_wconf 78' lang='lat' dir='ltr'>operationes</span> <span class='ocrx_word' id='word_1_159' title='bbox 718 2972 900 3057; x_wconf 86' lang='lat' dir='ltr'>probentur</span> <span class='ocrx_word' id='word_1_160' title='bbox 921 2991 979 3036; x_wconf 84' lang='lat' dir='ltr'>res</span> <span class='ocrx_word' id='word_1_161' title='bbox 1026 2970 1072 3033; x_wconf 83' lang='lat' dir='ltr'>Et</span> <span class='ocrx_word' id='word_1_162' title='bbox 1094 2970 1144 3032; x_wconf 85' lang='lat' dir='ltr'>ita</span> <span class='ocrx_word' id='word_1_163' title='bbox 1166 2973 1362 3033; x_wconf 70' lang='lat' dir='ltr'>morosiores</span> 
     </span>
     <span class='ocr_line' id='line_1_21' title="bbox 306 3067 1361 3158; baseline -0.001 -23"><span class='ocrx_word' id='word_1_164' title='bbox 306 3072 379 3136; x_wconf 86' lang='lat' dir='ltr'>auri</span> <span class='ocrx_word' id='word_1_165' title='bbox 401 3072 527 3138; x_wconf 86' lang='lat' dir='ltr'>habent</span> <span class='ocrx_word' id='word_1_166' title='bbox 542 3094 616 3138; x_wconf 77' lang='lat' dir='ltr'>suas</span> <span class='ocrx_word' id='word_1_167' title='bbox 638 3072 849 3158; x_wconf 69' lang='lat' dir='ltr'>probationes</span> <span class='ocrx_word' id='word_1_168' title='bbox 864 3091 923 3157; x_wconf 79' lang='lat' dir='ltr'>per</span> <span class='ocrx_word' id='word_1_169' title='bbox 937 3073 1043 3135; x_wconf 84' lang='lat' dir='ltr'>cotem</span> <span class='ocrx_word' id='word_1_170' title='bbox 1065 3067 1120 3133; x_wconf 88' lang='lat' dir='ltr'>vel</span> <span class='ocrx_word' id='word_1_171' title='bbox 1141 3088 1200 3153; x_wconf 89' lang='lat' dir='ltr'>per</span> <span class='ocrx_word' id='word_1_172' title='bbox 1221 3072 1361 3134; x_wconf 85' lang='lat' dir='ltr'>oareetes</span> 
     </span>
     <span class='ocr_line' id='line_1_22' title="bbox 306 3169 1361 3256; baseline 0.001 -21"><span class='ocrx_word' id='word_1_173' title='bbox 306 3173 380 3236; x_wconf 88' lang='lat' dir='ltr'>auri</span> <span class='ocrx_word' id='word_1_174' title='bbox 402 3175 446 3236; x_wconf 89' lang='lat' dir='ltr'>ad</span> <span class='ocrx_word' id='word_1_175' title='bbox 468 3174 530 3237; x_wconf 87' lang='lat' dir='ltr'>hoe</span> <span class='ocrx_word' id='word_1_176' title='bbox 551 3173 662 3248; x_wconf 69' lang='lat' dir='ltr'>factas</span> <span class='ocrx_word' id='word_1_177' title='bbox 687 3176 727 3237; x_wconf 89' lang='lat' dir='ltr'>ut</span> <span class='ocrx_word' id='word_1_178' title='bbox 748 3173 871 3237; x_wconf 89' lang='lat' dir='ltr'>soiatur</span> <span class='ocrx_word' id='word_1_179' title='bbox 889 3175 971 3256; x_wconf 88' lang='lat' dir='ltr'>quot</span> <span class='ocrx_word' id='word_1_180' title='bbox 992 3169 1154 3256; x_wconf 84' lang='lat' dir='ltr'>graduum</span> <span class='ocrx_word' id='word_1_181' title='bbox 1174 3169 1255 3248; x_wconf 79' lang='lat' dir='ltr'>auri,</span> <span class='ocrx_word' id='word_1_182' title='bbox 1279 3175 1361 3255; x_wconf 88' lang='lat' dir='ltr'>quot</span> 
     </span>
     <span class='ocr_line' id='line_1_23' title="bbox 306 3270 1359 3359; baseline 0.004 -25"><span class='ocrx_word' id='word_1_183' title='bbox 306 3273 444 3356; x_wconf 81' lang='lat' dir='ltr'>argenti,</span> <span class='ocrx_word' id='word_1_184' title='bbox 468 3276 503 3336; x_wconf 87' lang='lat' dir='ltr'>et</span> <span class='ocrx_word' id='word_1_185' title='bbox 529 3277 610 3357; x_wconf 89' lang='lat' dir='ltr'>quot</span> <span class='ocrx_word' id='word_1_186' title='bbox 632 3273 732 3359; x_wconf 81' lang='lat' dir='ltr'>cupri,</span> <span class='ocrx_word' id='word_1_187' title='bbox 754 3273 809 3337; x_wconf 88' lang='lat' dir='ltr'>vel</span> <span class='ocrx_word' id='word_1_188' title='bbox 837 3272 982 3337; x_wconf 86' lang='lat' dir='ltr'>habeant</span> <span class='ocrx_word' id='word_1_189' title='bbox 1003 3291 1115 3337; x_wconf 84' lang='lat' dir='ltr'>omnes</span> <span class='ocrx_word' id='word_1_190' title='bbox 1136 3270 1258 3357; x_wconf 83' lang='lat' dir='ltr'>gradus</span> <span class='ocrx_word' id='word_1_191' title='bbox 1279 3273 1359 3338; x_wconf 81' lang='lat' dir='ltr'>auri.</span> 
     </span>
     <span class='ocr_line' id='line_1_24' title="bbox 307 3370 1359 3456; baseline 0.003 -20"><span class='ocrx_word' id='word_1_192' title='bbox 307 3370 499 3456; x_wconf 81' lang='lat' dir='ltr'>Speoialiter</span> <span class='ocrx_word' id='word_1_193' title='bbox 532 3375 645 3436; x_wconf 84' lang='lat' dir='ltr'>temen</span> <span class='ocrx_word' id='word_1_194' title='bbox 683 3373 778 3437; x_wconf 88' lang='lat' dir='ltr'>dooet</span> <span class='ocrx_word' id='word_1_195' title='bbox 814 3373 985 3438; x_wconf 87' lang='lat' dir='ltr'>Avioenna</span> <span class='ocrx_word' id='word_1_196' title='bbox 1022 3372 1210 3438; x_wconf 86' lang='lat' dir='ltr'>examinare</span> <span class='ocrx_word' id='word_1_197' title='bbox 1247 3394 1359 3439; x_wconf 86' lang='lat' dir='ltr'>omnes</span> 
     </span>
     <span class='ocr_line' id='line_1_25' title="bbox 306 3471 1357 3561; baseline 0.004 -25"><span class='ocrx_word' id='word_1_198' title='bbox 306 3472 420 3536; x_wconf 87' lang='lat' dir='ltr'>modos</span> <span class='ocrx_word' id='word_1_199' title='bbox 451 3471 523 3536; x_wconf 90' lang='lat' dir='ltr'>auri</span> <span class='ocrx_word' id='word_1_200' title='bbox 558 3474 640 3558; x_wconf 87' lang='lat' dir='ltr'>puri.</span> <span class='ocrx_word' id='word_1_201' title='bbox 687 3473 778 3539; x_wconf 83' lang='lat' dir='ltr'>Dicit</span> <span class='ocrx_word' id='word_1_202' title='bbox 808 3473 914 3561; x_wconf 81' lang='lat' dir='ltr'>igitur</span> <span class='ocrx_word' id='word_1_203' title='bbox 944 3475 1060 3561; x_wconf 89' lang='lat' dir='ltr'>quinto</span> <span class='ocrx_word' id='word_1_204' title='bbox 1091 3474 1175 3539; x_wconf 88' lang='lat' dir='ltr'>libro</span> <span class='ocrx_word' id='word_1_205' title='bbox 1210 3475 1297 3558; x_wconf 90' lang='lat' dir='ltr'>quod</span> <span class='ocrx_word' id='word_1_206' title='bbox 1329 3476 1357 3540; x_wconf 89' lang='lat' dir='ltr'>si</span> 
     </span>
     <span class='ocr_line' id='line_1_26' title="bbox 301 3572 1354 3662; baseline 0.002 -24"><span class='ocrx_word' id='word_1_207' title='bbox 301 3573 447 3658; x_wconf 83' lang='lat' dir='ltr'>jeotetur</span> <span class='ocrx_word' id='word_1_208' title='bbox 480 3574 516 3637; x_wconf 93' lang='lat' dir='ltr'>in</span> <span class='ocrx_word' id='word_1_209' title='bbox 548 3572 667 3660; x_wconf 79' lang='lat' dir='ltr'>ignem,</span> <span class='ocrx_word' id='word_1_210' title='bbox 699 3579 734 3639; x_wconf 87' lang='lat' dir='ltr'>et</span> <span class='ocrx_word' id='word_1_211' title='bbox 766 3595 893 3662; x_wconf 84' lang='lat' dir='ltr'>semper</span> <span class='ocrx_word' id='word_1_212' title='bbox 924 3577 1067 3642; x_wconf 85' lang='lat' dir='ltr'>retineat</span> <span class='ocrx_word' id='word_1_213' title='bbox 1089 3576 1228 3641; x_wconf 89' lang='lat' dir='ltr'>eolorem</span> <span class='ocrx_word' id='word_1_214' title='bbox 1250 3597 1354 3654; x_wconf 90' lang='lat' dir='ltr'>suum,</span> 
     </span>
     <span class='ocr_line' id='line_1_27' title="bbox 165 3673 1356 3757; baseline 0.002 -19"><span class='ocrx_word' id='word_1_215' title='bbox 165 3673 169 3680; x_wconf 81' lang='grc'><em>’</em></span> <span class='ocrx_word' id='word_1_216' title='bbox 306 3680 387 3739; x_wconf 87' lang='lat' dir='ltr'>tunc</span> <span class='ocrx_word' id='word_1_217' title='bbox 409 3679 460 3739; x_wconf 88' lang='lat' dir='ltr'>est</span> <span class='ocrx_word' id='word_1_218' title='bbox 491 3696 606 3739; x_wconf 87' lang='lat' dir='ltr'>eurum</span> <span class='ocrx_word' id='word_1_219' title='bbox 629 3697 766 3754; x_wconf 89' lang='lat' dir='ltr'>verum;</span> <span class='ocrx_word' id='word_1_220' title='bbox 788 3677 816 3740; x_wconf 89' lang='lat' dir='ltr'>si</span> <span class='ocrx_word' id='word_1_221' title='bbox 846 3698 923 3757; x_wconf 90' lang='lat' dir='ltr'>non,</span> <span class='ocrx_word' id='word_1_222' title='bbox 954 3699 1022 3742; x_wconf 91' lang='lat' dir='ltr'>non</span> <span class='ocrx_word' id='word_1_223' title='bbox 1052 3681 1102 3741; x_wconf 89' lang='lat' dir='ltr'>est</span> <span class='ocrx_word' id='word_1_224' title='bbox 1130 3677 1264 3740; x_wconf 91' lang='lat' dir='ltr'>bonum.</span> <span class='ocrx_word' id='word_1_225' title='bbox 1311 3675 1356 3740; x_wconf 87' lang='lat' dir='ltr'>Et</span> 
     </span>
     <span class='ocr_line' id='line_1_28' title="bbox 304 3774 1356 3855; baseline 0.001 -16"><span class='ocrx_word' id='word_1_226' title='bbox 304 3776 332 3839; x_wconf 85' lang='lat' dir='ltr'>si</span> <span class='ocrx_word' id='word_1_227' title='bbox 356 3775 437 3840; x_wconf 89' lang='lat' dir='ltr'>velie</span> <span class='ocrx_word' id='word_1_228' title='bbox 459 3775 539 3840; x_wconf 83' lang='lat' dir='ltr'>seire</span> <span class='ocrx_word' id='word_1_229' title='bbox 561 3797 605 3840; x_wconf 91' lang='lat' dir='ltr'>an</span> <span class='ocrx_word' id='word_1_230' title='bbox 627 3776 672 3841; x_wconf 87' lang='lat' dir='ltr'>eit</span> <span class='ocrx_word' id='word_1_231' title='bbox 694 3776 844 3842; x_wconf 80' lang='lat' dir='ltr'>naturale</span> <span class='ocrx_word' id='word_1_232' title='bbox 859 3777 913 3843; x_wconf 90' lang='lat' dir='ltr'>vel</span> <span class='ocrx_word' id='word_1_233' title='bbox 935 3778 978 3843; x_wconf 88' lang='lat' dir='ltr'>ab</span> <span class='ocrx_word' id='word_1_234' title='bbox 999 3775 1149 3855; x_wconf 79' lang='lat' dir='ltr'>artifieio,</span> <span class='ocrx_word' id='word_1_235' title='bbox 1164 3780 1245 3840; x_wconf 89' lang='lat' dir='ltr'>tuno</span> <span class='ocrx_word' id='word_1_236' title='bbox 1266 3774 1356 3840; x_wconf 88' lang='lat' dir='ltr'>solve</span> 
     </span>
     <span class='ocr_line' id='line_1_29' title="bbox 306 3875 1356 3964; baseline 0 -24"><span class='ocrx_word' id='word_1_237' title='bbox 306 3878 412 3962; x_wconf 86' lang='lat' dir='ltr'>ipsum</span> <span class='ocrx_word' id='word_1_238' title='bbox 436 3898 494 3962; x_wconf 88' lang='lat' dir='ltr'>per</span> <span class='ocrx_word' id='word_1_239' title='bbox 525 3877 615 3957; x_wconf 86' lang='lat' dir='ltr'>sales,</span> <span class='ocrx_word' id='word_1_240' title='bbox 640 3882 675 3943; x_wconf 88' lang='lat' dir='ltr'>et</span> <span class='ocrx_word' id='word_1_241' title='bbox 705 3878 733 3941; x_wconf 87' lang='lat' dir='ltr'>si</span> <span class='ocrx_word' id='word_1_242' title='bbox 756 3879 897 3946; x_wconf 82' lang='lat' dir='ltr'>solvitur</span> <span class='ocrx_word' id='word_1_243' title='bbox 926 3885 976 3945; x_wconf 90' lang='lat' dir='ltr'>est</span> <span class='ocrx_word' id='word_1_244' title='bbox 1005 3879 1045 3943; x_wconf 85' lang='lat' dir='ltr'>de</span> <span class='ocrx_word' id='word_1_245' title='bbox 1069 3875 1264 3964; x_wconf 75' lang='lat' dir='ltr'>magisterio.</span> <span class='ocrx_word' id='word_1_246' title='bbox 1310 3875 1356 3940; x_wconf 83' lang='lat' dir='ltr'>Et</span> 
     </span>
     <span class='ocr_line' id='line_1_30' title="bbox 307 3976 1499 4063; baseline -0.001 -21"><span class='ocrx_word' id='word_1_247' title='bbox 307 3977 457 4043; x_wconf 88' lang='lat' dir='ltr'>similiter</span> <span class='ocrx_word' id='word_1_248' title='bbox 478 3979 506 4043; x_wconf 87' lang='lat' dir='ltr'>si</span> <span class='ocrx_word' id='word_1_249' title='bbox 527 3979 686 4044; x_wconf 82' lang='lat' dir='ltr'>fimdatur</span> <span class='ocrx_word' id='word_1_250' title='bbox 707 3984 742 4044; x_wconf 87' lang='lat' dir='ltr'>et</span> <span class='ocrx_word' id='word_1_251' title='bbox 772 3979 899 4046; x_wconf 84' lang='lat' dir='ltr'>ferveat</span> <span class='ocrx_word' id='word_1_252' title='bbox 921 3984 971 4046; x_wconf 88' lang='lat' dir='ltr'>est</span> <span class='ocrx_word' id='word_1_253' title='bbox 997 3979 1038 4044; x_wconf 90' lang='lat' dir='ltr'>de</span> <span class='ocrx_word' id='word_1_254' title='bbox 1060 3998 1138 4044; x_wconf 86' lang='lat' dir='ltr'>vero</span> <span class='ocrx_word' id='word_1_255' title='bbox 1160 3976 1354 4063; x_wconf 80' lang='lat' dir='ltr'>magisterio.</span> <span class='ocrx_word' id='word_1_256' title='bbox 1490 3989 1499 4004; x_wconf 91' lang='grc'>·</span> 
     </span>
     <span class='ocr_line' id='line_1_31' title="bbox 307 4077 1353 4168; baseline -0.002 -24"><span class='ocrx_word' id='word_1_257' title='bbox 307 4080 352 4145; x_wconf 83' lang='lat' dir='ltr'>Et</span> <span class='ocrx_word' id='word_1_258' title='bbox 372 4081 479 4166; x_wconf 85' lang='lat' dir='ltr'>ipsum</span> <span class='ocrx_word' id='word_1_259' title='bbox 502 4081 530 4145; x_wconf 84' lang='lat' dir='ltr'>si</span> <span class='ocrx_word' id='word_1_260' title='bbox 552 4079 650 4146; x_wconf 77' lang='lat' dir='ltr'>facias</span> <span class='ocrx_word' id='word_1_261' title='bbox 678 4080 846 4167; x_wconf 83' lang='lat' dir='ltr'>pulverem</span> <span class='ocrx_word' id='word_1_262' title='bbox 869 4085 903 4147; x_wconf 87' lang='lat' dir='ltr'>et</span> <span class='ocrx_word' id='word_1_263' title='bbox 926 4101 1027 4168; x_wconf 81' lang='lat' dir='ltr'>ponas</span> <span class='ocrx_word' id='word_1_264' title='bbox 1048 4077 1084 4144; x_wconf 90' lang='lat' dir='ltr'>in</span> <span class='ocrx_word' id='word_1_265' title='bbox 1106 4079 1177 4145; x_wconf 77' lang='lat' dir='ltr'>vias</span> <span class='ocrx_word' id='word_1_266' title='bbox 1200 4078 1353 4143; x_wconf 83' lang='lat' dir='ltr'>sublima-</span> 
     </span>
    </p>
   </div>
   <div class='ocr_carea' id='block_1_6' title="bbox 305 4396 1354 4703">
    <p class='ocr_par' dir='ltr' id='par_1_6' title="bbox 305 4396 1354 4703">
     <span class='ocr_line' id='line_1_32' title="bbox 339 4396 1354 4466; baseline 0.001 -18"><span class='ocrx_word' id='word_1_267' title='bbox 339 4397 456 4448; x_wconf 70' lang='lat' dir='ltr'>‘carebit</span> <span class='ocrx_word' id='word_1_268' title='bbox 481 4398 518 4465; x_wconf 79' lang='lat' dir='ltr'>et]</span> <span class='ocrx_word' id='word_1_269' title='bbox 556 4400 638 4451; x_wconf 84' lang='lat' dir='ltr'>These</span> <span class='ocrx_word' id='word_1_270' title='bbox 670 4416 746 4452; x_wconf 83' lang='lat' dir='ltr'>oeour</span> <span class='ocrx_word' id='word_1_271' title='bbox 778 4417 806 4453; x_wconf 82' lang='lat' dir='ltr'>es</span> <span class='ocrx_word' id='word_1_272' title='bbox 856 4402 981 4466; x_wconf 76' lang='lat' dir='ltr'>however,</span> <span class='ocrx_word' id='word_1_273' title='bbox 1000 4400 1093 4452; x_wconf 80' lang='lat' dir='ltr'>affords</span> <span class='ocrx_word' id='word_1_274' title='bbox 1109 4414 1143 4449; x_wconf 93' lang='lat' dir='ltr'>no</span> <span class='ocrx_word' id='word_1_275' title='bbox 1162 4396 1298 4449; x_wconf 84' lang='lat' dir='ltr'>indieatien</span> <span class='ocrx_word' id='word_1_276' title='bbox 1313 4396 1354 4449; x_wconf 79' lang='lat' dir='ltr'>for</span> 
     </span>
     <span class='ocr_line' id='line_1_33' title="bbox 307 4476 1352 4550; baseline 0 -22"><span class='ocrx_word' id='word_1_277' title='bbox 307 4477 462 4529; x_wconf 75' lang='lat' dir='ltr'>eatehvords</span> <span class='ocrx_word' id='word_1_278' title='bbox 484 4485 511 4528; x_wconf 81' lang='lat' dir='ltr'>at</span> <span class='ocrx_word' id='word_1_279' title='bbox 537 4479 581 4529; x_wconf 81' lang='lat' dir='ltr'>the</span> <span class='ocrx_word' id='word_1_280' title='bbox 600 4480 694 4531; x_wconf 82' lang='lat' dir='ltr'>bottom</span> <span class='ocrx_word' id='word_1_281' title='bbox 712 4481 743 4530; x_wconf 79' lang='lat' dir='ltr'>os</span> <span class='ocrx_word' id='word_1_282' title='bbox 763 4481 805 4532; x_wconf 85' lang='lat' dir='ltr'>the</span> <span class='ocrx_word' id='word_1_283' title='bbox 850 4480 974 4545; x_wconf 60' lang='lat' dir='ltr'>›deeiding</span> <span class='ocrx_word' id='word_1_284' title='bbox 996 4479 1080 4530; x_wconf 77' lang='lat' dir='ltr'>whieh</span> <span class='ocrx_word' id='word_1_285' title='bbox 1104 4478 1135 4530; x_wconf 75' lang='lat' dir='ltr'>of</span> <span class='ocrx_word' id='word_1_286' title='bbox 1154 4477 1224 4529; x_wconf 79' lang='lat' dir='ltr'>theu</span> <span class='ocrx_word' id='word_1_287' title='bbox 1239 4476 1352 4550; x_wconf 79' lang='lat' dir='ltr'>mpposi·</span> 
     </span>
     <span class='ocr_line' id='line_1_34' title="bbox 306 4556 1067 4620; baseline 0.009 -15"><span class='ocrx_word' id='word_1_288' title='bbox 306 4571 370 4620; x_wconf 80' lang='lat' dir='ltr'>page</span> <span class='ocrx_word' id='word_1_289' title='bbox 387 4556 417 4616; x_wconf 74' lang='lat' dir='ltr'>(f.</span> <span class='ocrx_word' id='word_1_290' title='bbox 438 4557 518 4620; x_wconf 71' lang='lat' dir='ltr'>seb.)</span> <span class='ocrx_word' id='word_1_291' title='bbox 553 4557 726 4610; x_wconf 73' lang='lat' dir='ltr'>Semelam</span> <span class='ocrx_word' id='word_1_292' title='bbox 740 4559 805 4609; x_wconf 77' lang='lat' dir='ltr'>have</span> <span class='ocrx_word' id='word_1_293' title='bbox 855 4559 1067 4618; x_wconf 67' lang='lat' dir='ltr'>senescemus</span> 
     </span>
     <span class='ocr_line' id='line_1_35' title="bbox 305 4635 804 4703; baseline 0.01 -18"><span class='ocrx_word' id='word_1_294' title='bbox 305 4635 367 4688; x_wconf 84' lang='lat' dir='ltr'>been</span> <span class='ocrx_word' id='word_1_295' title='bbox 379 4635 427 4685; x_wconf 83' lang='lat' dir='ltr'>lost</span> <span class='ocrx_word' id='word_1_296' title='bbox 435 4649 471 4702; x_wconf 20' lang='lat' dir='ltr'>‘or</span> <span class='ocrx_word' id='word_1_297' title='bbox 481 4635 648 4703; x_wconf 69' lang='lat' dir='ltr'>misgathered</span> <span class='ocrx_word' id='word_1_298' title='bbox 654 4656 663 4699; x_wconf 66' lang='grc' dir='ltr'><strong>ς</strong></span> <span class='ocrx_word' id='word_1_299' title='bbox 684 4639 728 4689; x_wconf 79' lang='lat' dir='ltr'>the</span> <span class='ocrx_word' id='word_1_300' title='bbox 739 4637 804 4701; x_wconf 60' lang='lat' dir='ltr'>MS„</span> 
     </span>
    </p>
   </div>
   <div class='ocr_carea' id='block_1_7' title="bbox 0 0 1798 5640">
    <p class='ocr_par' dir='ltr' id='par_1_7' title="bbox 0 0 1798 5640">
     <span class='ocr_line' id='line_1_36' title="bbox 0 0 1798 5640; baseline 0 0"><span class='ocrx_word' id='word_1_301' title='bbox 0 0 1798 5640; x_wconf 95' lang='lat' dir='ltr'> </span> 
     </span>
    </p>
   </div>
  </div>
 </body>
</html>
