3586 5640
456 784 522 857 274
841 798 969 849 noenu
992 799 1138 850 artonis
1418 788 1510 878 [car.

457 968 493 1027 et
512 961 648 1027 eorrexi
694 960 740 1026 Et
768 962 831 1028 hoe
851 963 927 1028 ideo
948 965 1041 1041 facio,
1063 973 1104 1031 ut
1128 965 1407 1034 eertitndmaliter
1434 990 1513 1035 oon·

458 1064 981 1152 aideunreetoonferrepoadtia
1010 1068 1053 1133 de
1083 1069 1510 1158 haemateriaeumqno-

457 1188 588 1253 cunque
608 1167 730 1233 velitia

858 1449 940 1516 CAP.
962 1447 1125 1513 LXVIIL

286 1661 436 1713 Tuom
499 1641 572 1709 sn>
593 1642 664 1709 haee
685 1641 852 1707 haetenna
912 1637 1013 1704 Nune
1033 1660 1114 1704 vero
1135 1639 1274 1705 inieram
1295 1638 1387 1707 iatud
1407 1664 1509 1731 nego

285 1728 404 1846 ἕξω
452 1745 540 1811 tium
563 1746 605 1811 de
625 1743 829 1824 kalendario,
851 1741 942 1828 quod
970 1762 1041 1806 non
1061 1742 1167 1808 solum
1197 1743 1334 1829 expedit
1355 1744 1508 1825 eeclesiae,

285 1862 418 1924 simut
452 1848 510 1915 sed
542 1847 651 1935 qu0d¹
682 1847 827 1913 maxime
864 1844 958 1911 deoet
988 1866 1072 1925 earn,
1102 1850 1138 1910 et
1170 1845 1259 1930 quod
1288 1846 1359 1913 sine
1387 1848 1510 1935 grandi

286 1928 420 1981 Μ
451 1951 596 2038 perieulo
633 1949 690 2016 et¹
726 1947 916 2016 eonfrraione
952 1947 1055 2012 vitari
1090 1967 1159 2012 non
1196 1953 1328 2034 potest;
1357 1951 1510 2036 qnamvia

451 2059 565 2120 tamen
601 2077 622 2119 a
666 2051 775 2139 longia
809 2048 1013 2137 temponlrua
1051 2048 1124 2136 jam
1166 2050 1286 2116 aeeidit
1329 2051 1509 2140 multiplex

452 2155 581 2221 abnaue
629 2154 676 2220 Et
696 2153 854 2241 quoniam
876 2157 970 2217 totus
995 2149 1050 2217 hio
1071 2173 1161 2217 error
1181 2151 1332 2239 procedit
1357 2175 1403 2219 ex
1422 2177 1509 2242 pure

452 2256 640 2344 ignorantia
654 2262 690 2322 et
712 2254 916 2344 negligentia
933 2253 1211 2333 oonsiderationia,
1226 2259 1323 2321 tanto
1344 2261 1397 2323 eet
1409 2256 1510 2322 vilior

452 2380 562 2424 eoram
584 2358 657 2424 Deo
678 2362 714 2424 et
735 2355 910 2423 omnibus'
932 2356 1066 2437 sanctia,
1097 2363 1133 2422 et
1154 2357 1244 2444 apud
1258 2378 1380 2426 omnea
1428 2359 1508 2426 Non

452 2459 559 2526 solum
581 2461 745 2546 sapientes
776 2458 966 2536 astronomi,
989 2459 1049 2524 sed
1078 2464 1114 2524 et
1146 2460 1356 2547 computistae
1377 2462 1508 2549 vulgati

450 2562 561 2628 aeiunt
582 2561 798 2650 multiplicem
819 2583 971 2641 errorem,
992 2567 1028 2626 et
1048 2561 1199 2627 scribunt
1219 2584 1318 2650 anper
1338 2564 1401 2630 hoo
1420 2565 1509 2631 sieut

451 2669 486 2732 et
508 2665 696 2743 astronomi,
714 2685 854 2751 quorum
875 2669 1090 2750 utrorumque
1111 2665 1233 2751 scripta
1253 2687 1312 2752 per
1327 2665 1392 2731 Dei
1408 2667 1507 2735 eede-

450 2769 534 2834 aiam
555 2768 694 2856 vulgata
718 2771 805 2845 aunt,
829 2767 867 2830 in
896 2764 1018 2852 quibua
1039 2765 1186 2832 errorea⁴
1206 2767 1243 2831 hi
1272 2772 1441 2850 notentur,
1470 2774 1507 2837 et

452 2870 551 2938 datur
573 2870 753 2937 eonsilium.
790 2867 857 2935 Sed
878 2866 990 2933 nullus
1010 2872 1145 2956 propter
1159 2868 1333 2935 concilium
1353 2871 1507 2958 generale

452 2994 548 3040 ausus
571 2976 621 3040 eet
644 2972 756 3039 faeere
771 2970 833 3038 hoo
854 2969 1045 3036 remedium
1104 2970 1216 3037 Julius
1238 2972 1373 3057 quidem
1395 2972 1507 3040 Caeaar

450 3077 488 3142 in
519 3077 721 3143 astronomia
754 3075 888 3141 edoctus
921 3073 1098 3160 eomplevit
1135 3072 1285 3140 ordinem
1321 3074 1507 3142 kalendarii

284 3180 631 3250 Thomerinaeoundum
653 3178 742 3265 quod
773 3177 884 3265 potuit
906 3183 1052 3262 tempore
1075 3197 1157 3255 auo;
1199 3177 1344 3254 etaient
1369 3185 1506 3246 narrant

283 3265 410 3381 fflfffof
451 3281 607 3362 historiae,
634 3288 749 3347 eontra
782 3281 948 3346 thorum
987 3283 1222 3361 eatronomum,
1253 3285 1288 3346 et
1324 3278 1505 3348 Eudoxum

283 3396 326 3446 the
336 3396 425 3448 Julian
452 3382 522 3468 ejus
554 3384 728 3460 doctorem,
768 3381 953 3469 disputavit
986 3379 1023 3444 in
1051 3380 1200 3467 AEgypto
1237 3380 1279 3448 de
1316 3383 1505 3468 quantitate

283 3470 411 3578 ,ww
452 3485 531 3551 enni
562 3485 684 3564 solaris,
718 3506 816 3572 super
849 3506 946 3570 quem
984 3482 1160 3548 fundatum
1194 3489 1244 3549 eet
1274 3483 1504 3554 kalendarium

451 3594 610 3654 nostrum.
676 3584 787 3667 Unde,
825 3587 910 3653 sieut
947 3583 1100 3652 Lucanus
1136 3584 1246 3664 refert,
1284 3586 1355 3675 ipse
1391 3587 1504 3656 Juliue

452 3691 561 3757 dixit:

539 3813 648 3880 “Non
670 3834 762 3880 meua
783 3813 918 3880 Eudoxi
938 3811 1090 3878 vinoetur
1118 3811 1258 3880 foetibus
1278 3812 1438 3883 annun&⁸

494 3964 561 4032 Sed
582 3988 650 4032 non
671 3963 825 4053 pervenit
839 3963 952 4030 Julius
974 3964 1018 4029 ad
1032 3984 1147 4043 veram
1169 3964 1248 4029 anni
1271 3967 1502 4053 quantitatem,

449 4090 548 4156 quem
578 4067 674 4155 ponit
703 4069 740 4133 in
770 4066 962 4132 kalendario
991 4071 1104 4132 nostro
1133 4071 1298 4134 trecentos
1328 4070 1503 4158 sexaginta

448 4174 592 4258 quinque
623 4171 693 4237 dies
723 4179 756 4237 et
786 4175 939 4255 quartam
964 4169 1031 4234 diei
1063 4171 1253 4260 integram
1281 4194 1355 4259 quae
1383 4180 1503 4260 quarte

448 4271 613 4360 colligitur
650 4295 709 4359 per
746 4277 889 4359 quatuor
926 4293 1038 4350 ennea,
1080 4277 1120 4338 ut
1157 4273 1194 4339 in
1231 4296 1319 4341 anno
1355 4274 1502 4343 bisextili

481 4525 488 4555 ¹
500 4523 575 4589 quod]
594 4539 643 4574 om.
656 4523 688 4575 T.
1032 4525 1174 4592 ὀιιιπίὂυε]
1194 4525 1346 4591 hominibus,
1358 4527 1389 4580 Τ.

481 4605 553 4653 ‘eine
574 4602 663 4668 mandi
687 4602 796 4669 mule
830 4605 867 4670 et]
893 4604 949 4656 aine
1032 4605 1157 4671 ⁴errorer]
1176 4621 1225 4656 orn.
1238 4605 1269 4656 Τ.
1281 4606 1313 4657 B.

447 4682 558 4748 periculo
569 4691 594 4734 et
605 4683 703 4748 grandi,
716 4682 747 4733 T.
1032 4685 1042 4715 ³
1053 4685 1146 4751 annua]
1159 4684 1248 4737 th.
1258 4700 1285 4737 x.
1299 4688 1354 4737 187.
