3294 5744
368 762 434 828 144
738 774 867 825 uoumr
890 774 1036 824 sicoris
1328 760 1416 848 [cue.

368 947 511 1027 visionis,
534 953 569 1013 et
591 948 784 1034 privationis
807 948 974 1015 distantiae
1001 955 1036 1014 et
1059 949 1290 1030 dimensionis;
1314 956 1348 1015 et
1371 952 1419 1016 ito

368 1072 471 1115 unum
502 1055 613 1136 potest
643 1072 711 1116 esse
741 1057 776 1116 et
805 1074 872 1116 non
902 1052 1005 1138 plura,
1029 1052 1105 1117 lieet
1136 1053 1244 1138 plures
1274 1075 1326 1118 res
1358 1053 1417 1118 lra-

368 1152 469 1218 benut
490 1152 578 1217 idem
603 1151 685 1232 ute·
712 1158 746 1218 et
768 1159 901 1218 tontum
924 1153 1004 1218 feeit
1029 1175 1095 1218 una
1118 1176 1169 1219 res
1192 1176 1250 1240 pro
1273 1154 1418 1238 subjecto

367 1254 456 1319 illius
489 1253 559 1332 ott,
593 1255 677 1319 sieut
711 1256 839 1341 plures;
877 1261 912 1320 et
943 1256 1053 1342 plures
1085 1278 1151 1320 non
1183 1256 1256 1342 plus
1289 1257 1415 1323 fuciunt

368 1377 466 1441 quom
488 1377 574 1436 una;
596 1357 674 1441 quio
695 1356 834 1422 debetur
855 1356 914 1422 uni
936 1357 990 1421 vel
1013 1357 1161 1443 pluribus
1184 1379 1243 1442 per
1265 1363 1417 1423 naturam

366 1458 499 1522 unionis
530 1461 564 1522 et
595 1458 790 1543 privationis
821 1458 1031 1537 diversitatis,
1060 1466 1095 1522 et
1125 1459 1346 1537 dimensionis,
1382 1467 1417 1526 et

368 1559 543 1634 distantiis,
583 1560 759 1624 seeundum
798 1561 886 1644 quod
923 1582 991 1624 uno
1028 1582 1079 1625 res
1117 1582 1185 1625 non
1219 1561 1320 1626 hebet
1352 1562 1417 1626 dis·

367 1661 508 1726 tantium
540 1660 628 1726 unde
659 1659 757 1725 elium
789 1661 962 1742 exoludat;
994 1667 1028 1726 et
1059 1661 1134 1726 ideo
1157 1683 1266 1726 secum
1289 1685 1418 1750 compe·

366 1765 450 1829 titur
480 1764 542 1827 sub
573 1762 686 1829 eodem
717 1762 780 1828 ott
811 1767 845 1828 et
869 1764 946 1829 loeo.
995 1763 1154 1828 Similiter
1186 1769 1236 1828 est
1262 1765 1303 1829 de
1336 1770 1418 1829 tem·

367 1887 464 1953 pore3
494 1887 571 1929 nam
594 1869 724 1950 tempus
746 1865 903 1950 praesens¹
926 1864 1065 1929 debetur
1088 1865 1235 1950 pluribus
1263 1865 1416 1944 motibus,

368 1968 404 2032 in
427 1972 588 2052 quantum
610 1987 676 2031 non
698 1965 823 2031 habent
846 1966 1080 2031 dimensionem
1096 1972 1131 2031 et
1154 1967 1356 2047 distantiam,
1383 1974 1418 2034 et

368 2069 441 2134 ideo
463 2069 602 2134 debetur
630 2069 676 2133 eis
706 2091 764 2154 per
793 2067 1023 2133 indivisionem
1055 2073 1088 2134 et
1119 2069 1282 2150 unionem,
1306 2076 1341 2136 et
1369 2072 1417 2135 itu

369 2193 436 2237 non
458 2171 704 2257 multiplicetur.

203 2295 356 2362 oreoemity
413 2273 506 2339 Siout
536 2294 615 2338 vero
646 2278 696 2338 est
728 2274 768 2337 de
800 2277 931 2359 punctu,
960 2273 1047 2358 quod
1079 2293 1187 2337 seeum
1219 2275 1418 2360 competitur

202 2364 304 2426 (evum)

201 2429 252 2479 and
260 2428 292 2478 its
302 2443 340 2479 re-

203 2493 278 2544 lation
290 2502 317 2544 tu

204 2561 270 2612 time.

368 2375 467 2455 eliud,
483 2376 529 2440 sio
551 2382 602 2440 est
617 2376 657 2440 de
671 2396 751 2450 sevo,
767 2375 796 2438 si
817 2396 925 2440 sevum
949 2396 1016 2439 non
1039 2374 1139 2440 habet
1154 2376 1245 2460 prius
1260 2382 1294 2442 et
1312 2383 1417 2463 poste-

368 2479 444 2556 rius,
461 2499 520 2542 nee
543 2483 660 2563 partes,
676 2483 716 2542 ut
739 2482 812 2541 tote
833 2476 953 2541 elamet
976 2477 1188 2562 philosophia,
1205 2485 1240 2542 et
1260 2479 1417 2565 Augusti-

368 2601 439 2659 nus,
455 2584 491 2644 et
511 2579 698 2663 Dionysius.
745 2577 781 2642 Si
802 2599 880 2642 vero
900 2578 1001 2642 habet
1023 2579 1113 2663 prius
1136 2584 1170 2643 et
1192 2581 1362 2665 posterius,
1380 2588 1418 2646 ut

369 2681 489 2766 vulgus
511 2681 599 2760 dicit,
615 2686 695 2746 tuno
718 2685 767 2744 est
781 2681 865 2744 siout
886 2679 926 2743 de
942 2685 1088 2766 tempore
1100 2706 1108 2761 ;
1131 2686 1166 2745 et
1188 2682 1261 2747 ideo
1284 2684 1417 2746 omnino
1549 2679 1557 2690 '

368 2805 537 2848 erroneum
558 2789 615 2860 est,
632 2781 721 2868 quod
737 2782 893 2846 dicituro
907 2781 1007 2868 vulgo
1023 2781 1247 2869 theologorum
1269 2783 1325 2849 et⁹
1348 2785 1420 2870 plri-

368 2885 618 2971 losophantium,
633 2884 713 2970 quia
732 2905 841 2949 sevum
859 2883 1008 2968 sequitur
1022 2883 1169 2961 formam,
1185 2885 1270 2950 sieut
1290 2893 1419 2972 tempus

368 2987 548 3053 materiem.
596 2986 641 3051 Et
664 2987 742 3072 quia
764 2986 868 3049 forma
891 2984 1133 3050 diversificatur
1155 2987 1192 3050 in
1214 2988 1320 3064 rebus,
1344 2989 1418 3054 ideo

369 3111 477 3155 oevum
511 3093 704 3154 numeratur
735 3087 772 3150 in
803 3087 981 3152 aeviternis
1030 3087 1086 3150 ltu
1118 3089 1205 3172 quod
1241 3090 1420 3155 seeundum

368 3213 542 3256 numerum
575 3189 808 3255 aeviternorum
844 3194 893 3253 est
930 3210 1086 3253 uumerus
1124 3211 1293 3269 aevorum3
1330 3194 1418 3257 unde

369 3293 508 3377 quilibet
532 3291 680 3378 Angelus
702 3291 880 3355 secundum
903 3310 957 3354 eos
984 3290 1084 3355 hebet
1105 3313 1208 3356 uuum
1231 3315 1360 3373 aevum3
1383 3301 1418 3360 et

369 3394 524 3479 quselibet
546 3393 657 3457 animo
679 3392 849 3457 rationalis
871 3397 1022 3476 separatu
1044 3415 1064 3456 n
1086 3414 1226 3478 corpore.
1294 3395 1339 3460 Et
1359 3397 1419 3464 hoo

368 3502 419 3560 est
456 3494 654 3580 impossibile
692 3493 910 3573 vilissimum3
944 3493 1002 3559 sed
1040 3494 1103 3559 erit
1137 3496 1248 3560 unitus
1282 3498 1346 3563 aevi
1384 3505 1419 3564 et

369 3597 525 3683 temporis
547 3597 631 3661 siout
654 3596 732 3661 dixi

416 3699 581 3766 Caeterum
608 3721 665 3785 per
687 3698 756 3763 haee
785 3696 899 3762 eedem
929 3699 1041 3785 magni
1071 3720 1195 3764 errores
1225 3701 1281 3765 ulii
1312 3703 1419 3767 exolu·

369 3802 517 3881 duntur3
547 3823 624 3866 nam
654 3822 729 3866 oum
759 3799 939 3884 loquuntur
970 3800 1113 3886 theologi
1144 3802 1184 3866 de
1218 3805 1418 3890 temporibus

369 3904 510 3991 propriis
539 3903 713 3989 cujuslibet
744 3902 800 3977 rei,
824 3907 858 3966 et
881 3903 921 3967 de
944 3907 1089 3988 tempore
1116 3906 1290 3985 communi,
1315 3908 1418 3970 maui-

370 4006 472 4072 festus
498 4005 566 4071 est³
591 4026 687 4082 error,
713 4003 868 4090 quoniam
898 4025 956 4090 per
981 4004 1051 4089 jem
1082 4005 1172 4069 dioto
1201 4012 1302 4092 putet,
1331 4009 1419 4093 quod

368 4131 437 4173 non
458 4113 650 4194 potestesse
672 4105 737 4170 nisi
760 4112 889 4191 tempus
912 4126 1014 4169 unum
1030 4107 1176 4171 omnium
1191 4110 1419 4194 temporalium

369 4209 468 4274 simul
483 4209 705 4274 existentium.
752 4207 831 4272 Non
845 4206 933 4272 enim
949 4212 998 4271 est
1012 4207 1193 4293 intelligere
1209 4210 1297 4294 quod
1312 4211 1420 4297 plures

370 4312 459 4377 horse
484 4311 552 4376 sint
576 4310 681 4388 simul,
697 4331 757 4375 neo
779 4309 888 4398 plures
911 4309 988 4386 dies,
1006 4331 1064 4374 neo
1086 4310 1194 4397 plures
1217 4313 1416 4398 septimense,

403 4582 514 4647 'tempus
532 4578 654 4646 presens]
683 4593 792 4644 presens
811 4587 873 4630 tem·
944 4576 1120 4644 'theoloyorum
1137 4581 1173 4646 et]
1192 4596 1240 4633 om.
1259 4582 1289 4632 T.

369 4676 425 4726 pus,
443 4660 474 4710 Τ.
940 4655 1008 4722 ἐκ]
1028 4672 1077 4709 om.
1096 4658 1126 4711 T.
