3586 5640
318 761 436 848 saxu]
708 780 795 828 orus
818 781 979 831 rmrrum
1301 773 1366 840 307

240 961 244 966 ’
316 950 491 1031 sublimes;
527 959 561 1018 et
583 954 645 1018 hoo
666 975 733 1019 non
756 955 862 1019 solum
885 965 1029 1041 prosaice
1061 960 1239 1025 secundum
1269 982 1364 1026 omne

312 1074 416 1137 genus
439 1054 555 1119 coloris
578 1061 613 1119 et
637 1062 782 1136 ornatus,
798 1058 855 1121 sed
877 1080 936 1142 pro
957 1058 1118 1142 qualitate
1141 1062 1308 1147 temporis,
1330 1069 1364 1128 et

314 1176 536 1238 personarum,
560 1162 594 1221 et
617 1157 770 1236 locorum,
795 1163 829 1223 et
852 1161 999 1225 materiae
1024 1161 1064 1225 de
1096 1183 1162 1246 qua
1184 1163 1225 1227 fit
1248 1185 1363 1243 serm0,

315 1256 439 1322 debent
469 1259 579 1322 ornari
610 1260 700 1324 omni
730 1282 850 1345 genere
877 1263 975 1327 metri
1007 1268 1040 1327 et
1071 1263 1208 1347 rythmi,
1233 1270 1272 1329 ut
1295 1265 1366 1328 ani·

317 1381 389 1422 mus
419 1360 529 1425 subito
552 1362 699 1447 rapiatur
729 1362 765 1425 in
787 1384 931 1427 amorem
959 1363 1038 1428 boni
1060 1368 1095 1428 et
1117 1365 1231 1437 odium
1262 1367 1364 1446 mali3

315 1468 478 1544 quatenus
503 1464 600 1528 homo
623 1469 720 1529 totus
749 1464 819 1528 eine
842 1465 1038 1550 praevisione
1063 1467 1216 1551 rapiatur
1239 1473 1274 1532 et
1300 1469 1364 1533 ele-

314 1569 411 1628 vetur
432 1587 531 1651 supra
560 1588 603 1645 se,
627 1573 662 1633 et
692 1588 761 1631 non
784 1567 906 1631 habeat
936 1573 1083 1632 mentem
1105 1569 1140 1631 in
1169 1590 1229 1633 sua
1254 1575 1362 1654 potes-

315 1671 404 1743 tate3
437 1667 494 1731 sed
520 1668 547 1732 si
570 1669 671 1733 fuerit
694 1669 800 1734 malus
830 1690 940 1732 amore
967 1669 1047 1733 boni
1071 1669 1308 1753 absorbeatur;
1334 1673 1363 1739 si

316 1768 532 1852 imperfectus,
550 1770 668 1834 induat
691 1771 840 1834 animum
861 1769 1078 1854 perfectionis,
1100 1793 1168 1835 non
1191 1773 1362 1852 violentia,

313 1870 370 1933 sed
392 1871 518 1936 virtute
552 1872 710 1936 sermonis
743 1872 873 1957 potenti
896 1876 930 1935 et
953 1873 1057 1936 suavi.
1120 1872 1363 1940 Grammaticus

313 1972 416 2056 igitur
447 1973 556 2038 utitur
579 1974 630 2037 his
652 1974 840 2059 puerilitcr;
878 1973 935 2038 sed
969 1974 1094 2060 logicus
1125 1983 1287 2060 quantum
1319 1978 1362 2044 ad

312 2073 451 2140 formam
488 2076 650 2162 arguendi
698 2097 797 2161 quam
834 2075 1018 2155 constituit,
1057 2077 1093 2141 in
1125 2076 1177 2142 his
1215 2080 1362 2165 procedit

313 2176 462 2253 viriliter,
487 2183 522 2242 et
544 2199 656 2242 causas
679 2183 714 2242 et
736 2178 881 2242 rationes
907 2178 1063 2264 assignat.
1110 2179 1175 2245 Sed
1198 2187 1360 2264 quantum

312 2280 356 2342 ad
374 2279 521 2343 decorem
544 2284 753 2344 stornatum
777 2289 811 2346 et
833 2281 1033 2345 suavitatem
1056 2284 1251 2367 argumenti,
1274 2290 1361 2349 certe

313 2403 381 2450 non
404 2386 513 2466 potest
546 2381 678 2467 logicus,
711 2382 796 2446 sicut
827 2404 887 2447 nec
918 2383 1160 2468 grammaticus,
1193 2407 1303 2450 causas
1327 2391 1362 2451 et

312 2485 456 2550 rationes
479 2485 654 2570 assignare,
688 2483 745 2548 sed
768 2485 911 2549 musicus
918 2510 926 2564 ;
949 2486 1034 2551 sicut
1056 2491 1222 2570 geometer
1248 2509 1361 2554 causas
1430 2566 1436 2580 ι

312 2587 482 2666 linearum,
506 2592 540 2652 et
571 2587 775 2672 angulorum,
811 2593 846 2650 et
876 2587 1065 2672 figurarum,
1095 2589 1214 2673 quibus
1252 2591 1361 2656 utitur

312 2674 527 2774 carpentator,
545 2689 647 2754 habet
669 2689 757 2755 dare.
805 2688 838 2751 N
841 2711 894 2752 am
917 2694 957 2753 ut
979 2691 1070 2775 prius
1092 2692 1213 2776 patuit,
1237 2694 1361 2758 musica

311 2792 462 2876 quaedam
503 2797 553 2856 est
598 2800 754 2876 prosaica,
801 2790 972 2875 quaedam¹
1018 2793 1164 2873 metrica,
1210 2796 1360 2878 quaedam

310 2894 518 2979 rhythmica3
556 2898 591 2957 et
628 2893 679 2958 hae
714 2893 796 2957 dent
839 2914 951 2958 omnes
996 2913 1108 2958 causas
1146 2900 1180 2959 et
1217 2897 1360 2960 rationes

310 3002 446 3061 ornatus
480 2999 516 3060 et
547 2994 672 3060 decoris
704 2994 868 3060 sermonis.
931 2992 1092 3059 Similiter
1123 2995 1256 3059 moralis
1287 2997 1359 3081 phi-

310 3099 463 3185 losophus
485 3097 594 3162 utitur
616 3096 688 3176 his3
711 3097 769 3161 sed
791 3118 859 3160 non
887 3100 998 3180 potest
1022 3118 1136 3161 causas
1159 3101 1193 3161 et
1215 3097 1360 3163 rationes

311 3202 397 3280 dare,
435 3221 496 3265 nec
518 3199 582 3264 scit
615 3199 756 3285 primam
794 3204 900 3263 artem
938 3199 1156 3284 componendi
1194 3199 1254 3264 hos
1292 3221 1358 3264 ser·
1413 3197 1415 3202 ’

311 3324 430 3379 mones,
469 3302 527 3366 sed
560 3301 680 3386 accipit
711 3323 732 3363 a
761 3299 865 3384 logico
898 3299 1037 3364 formem
1068 3302 1237 3387 arguendi,
1272 3307 1307 3367 et
1338 3324 1360 3366 a

309 3402 454 3468 musico²
477 3425 608 3468 omnem
631 3403 779 3467 decorem
803 3408 837 3466 et
860 3408 1021 3467 ornatum.

355 3507 481 3571 Rhetor
503 3526 582 3570 vero
616 3505 686 3569 sive
719 3509 831 3568 orator
862 3505 971 3568 utitur
993 3505 1054 3582 his,
1080 3506 1158 3590 quia
1189 3508 1507 3592 appropri-Rheroric;

309 3631 403 3673 amus
425 3607 609 3693 vulgariter
631 3611 788 3671 ornatum
817 3607 942 3671 rhetori
966 3612 1000 3672 et
1022 3607 1154 3684 oratori,
1179 3614 1214 3671 et
1237 3609 1359 3673 colores
1370 3584 1458 3700 ffl?

307 3709 485 3775 rhetoricos
520 3730 684 3784 vocamus,
724 3714 758 3773 et
792 3715 897 3773 artem
931 3709 1105 3793 eloquendi
1143 3710 1358 3774 attribuimus

307 3814 432 3878 rhetori
454 3818 489 3876 et
512 3811 644 3876 oratori.
691 3809 757 3876 Sed
789 3811 843 3874 hic
865 3811 1036 3876 attendere
1070 3811 1236 3891 debemus,
1269 3813 1358 3895 quod

306 3915 469 3980 rhetorica
506 3919 556 3979 est
582 3913 723 3998 duplex
771 3910 850 3976 Una
883 3919 933 3978 est
966 3936 1040 3998 qum
1067 3913 1163 3977 docet
1195 3913 1357 3997 quomodo
1370 3934 1470 3983 nocens
1481 3942 1507 3986 et

306 4022 341 4081 et
372 4039 414 4081 ex
447 4016 566 4101 quibus
604 4020 639 4080 et
676 4013 817 4098 qualiter
854 4015 956 4079 habet
997 4015 1145 4099 componi
1183 4009 1447 4100 argumen-loenffi

305 4125 378 4184 tum
414 4118 622 4182 rhetoricum.
668 4117 714 4180 Et
744 4116 814 4181 haec
847 4122 897 4181 est
928 4140 1004 4202 pars
1034 4118 1157 4202 logicas,
1182 4117 1267 4182 sicut
1301 4119 1356 4183 de-

304 4220 488 4286 monstravi
519 4220 556 4284 in
587 4219 813 4284 communibus
839 4220 1088 4299 mathematicae,
1113 4223 1232 4304 quarta
1253 4226 1355 4306 parte,

306 4323 410 4389 Primi
432 4323 557 4410 Operis.

337 4657 477 4725 warram]
496 4672 545 4711 om.
558 4659 589 4710 T.
820 4656 825 4724 Ι
889 4654 1011 4722 ἰηιιήοο]
1028 4656 1132 4718 musica,
1143 4655 1174 4706 T.
1199 4737 1220 4799 2

1151 4751 1176 4800 U
