3586 5640
305 767 353 858 u]
415 754 424 762 ”
641 780 874 835 comesurus
896 779 1022 833 srunrr.
1291 766 1355 833 431

306 960 386 1028 dum
408 959 481 1030 vias
512 958 591 1028 fidei
624 979 725 1044 quarn
756 956 892 1038 subditi,
922 962 962 1024 ut
998 957 1139 1044 apostoli
1169 962 1204 1024 et
1235 978 1357 1024 succes·

306 1085 393 1131 sores
416 1085 536 1130 eorum.
595 1061 692 1143 Quod
714 1059 985 1146 qualitercunque
1015 1058 1268 1146 intelligendum
1306 1062 1358 1140 sit,

305 1172 418 1234 tamen
454 1165 583 1252 praelati
621 1162 834 1230 sustinebunt
871 1184 984 1229 censes
1021 1183 1097 1228 sues
1134 1166 1169 1227 et
1202 1162 1358 1231 honorem

305 1269 484 1356 proprium,
522 1273 557 1333 et
594 1265 784 1332 doctoribus
828 1263 1036 1331 saecularibus
1078 1263 1247 1342 favebunt,
1294 1265 1359 1332 nisi

305 1372 406 1437 fuerit
431 1371 549 1457 aliquis
569 1370 628 1456 qui
648 1369 817 1456 religiosus
847 1373 932 1436 esset
960 1367 1014 1436 vel
1044 1366 1204 1457 religiosis
1226 1389 1360 1437 consen·

306 1475 387 1540 tiret
412 1473 546 1559 pietetis
568 1493 698 1539 eausam
721 1471 864 1539 intuens.

352 1575 431 1642 Non
468 1597 638 1664 possumus
671 1595 791 1661 negare
828 1573 910 1660 quin
946 1573 1103 1661 perfectio
1133 1572 1258 1660 duplex
1294 1574 1488 1655 sitandans-

308 1701 375 1744 una
411 1679 448 1744 in
485 1676 591 1746 officio
628 1676 798 1765 regiminis
836 1681 871 1743 et
909 1677 1125 1755 auctoritatis,
1153 1681 1188 1742 et
1221 1677 1287 1743 alia
1309 1655 1529 1774 estfgssjrffi

307 1781 463 1870 perfectio
500 1780 687 1868 spiritualis.
734 1779 870 1846 Certum
899 1783 950 1846 est
980 1781 1067 1866 quod
1104 1780 1235 1867 praelati
1271 1787 1359 1849 nune
1371 1790 1401 1840 os
1408 1789 1451 1840 the
1461 1797 1512 1839 two

308 1884 475 1972 temporis,
500 1885 587 1950 sieut
616 1905 751 1970 semper,
791 1882 980 1949 habuerunt
1010 1884 1241 1949 auctoritatem
1274 1883 1359 1971 regi·
1370 1857 1507 1974 mm

308 1988 429 2066 minis3
466 1987 523 2054 sed
560 2009 605 2052 an
641 1987 769 2054 ratione
808 1989 916 2052 status
952 1985 1098 2052 habeant
1127 1986 1361 2074 perfectionem

309 2091 493 2166 secundam,
513 2089 669 2175 judicant
690 2088 755 2175 ipsi
778 2089 836 2174 qui
867 2088 972 2175 magis
1011 2088 1201 2170 laudentur,
1231 2089 1362 2175 quando

308 2193 543 2279 ingrediuntur
580 2191 782 2278 religionem,
815 2195 850 2257 et
882 2190 1109 2278 approbantur
1137 2192 1180 2257 ab
1209 2191 1363 2259 omnibus

310 2294 516 2360 Christianis.
563 2292 631 2374 Qui
660 2293 761 2360 etiam
784 2315 827 2360 ex
850 2293 1087 2360 constitutione
1117 2295 1187 2361 sola
1215 2295 1362 2361 occiden-

308 2397 386 2463 talis
408 2396 549 2463 ecclesiae
571 2400 737 2464 voventur
759 2397 923 2479 castitate,
946 2397 989 2463 cd
1012 2419 1112 2483 quam
1134 2397 1171 2463 in
1187 2397 1364 2485 primitiva

309 2500 442 2567 ecclesia
478 2521 547 2564 non
583 2498 720 2566 suerrmt
757 2500 893 2581 astricti,
936 2521 997 2566 neo
1041 2500 1148 2568 adhuc
1185 2500 1292 2568 Grmei
1330 2507 1363 2571 et

310 2602 485 2668 orientales
519 2603 629 2668 caeteri
658 2602 787 2669 adhoc
821 2608 938 2669 votum
967 2602 1011 2669 ab
1033 2604 1168 2670 ecclesia
1201 2605 1362 2670 constrin-

309 2710 441 2793 guntur.
487 2706 632 2773 Videant
655 2706 744 2793 quod
780 2706 906 2793 largam
944 2705 1168 2773 obedientiam
1205 2707 1361 2772 habeant.

311 2809 399 2890 Quia
436 2809 578 2896 episcopi
615 2809 800 2896 generalem
838 2809 1060 2873 obedientiam
1099 2809 1221 2873 debent
1258 2809 1363 2874 archi-

310 2910 467 2998 episcopis
490 2918 524 2977 et
545 2933 648 2998 pepae,
673 2916 707 2975 et
730 2916 867 2997 possunt
889 2911 937 2974 ire
961 2932 1025 2995 quo
1047 2909 1175 2987 volunt,
1199 2915 1233 2975 et
1262 2911 1364 2975 libere

309 3014 412 3080 fecere
436 3015 552 3079 omnia
592 3013 659 3078 Sed
681 3013 826 3099 religiosi
848 3034 916 3077 non
937 3018 1074 3099 possunt
1095 3013 1211 3099 pedem
1234 3035 1365 3078 movere

310 3138 370 3181 nec
407 3116 534 3201 eliquid
573 3114 678 3180 facere
717 3115 787 3180 sine
820 3114 1051 3200 specialissimo
1081 3116 1217 3201 imperio
1248 3115 1363 3202 preele-

310 3224 429 3282 torum.
490 3219 542 3283 De
579 3223 775 3305 paupertate
820 3216 958 3303 plenum
1000 3223 1050 3282 cst
1088 3219 1177 3303 quod
1221 3220 1364 3306 religiosi

311 3319 430 3384 saltem
464 3320 501 3383 in
532 3321 665 3407 proprio
698 3319 784 3383 nihil
810 3317 930 3384 habere
960 3327 1097 3406 possunt
1109 3345 1117 3400 ;
1148 3323 1205 3387 sed
1235 3323 1365 3410 praelati

307 3421 409 3507 juxta
447 3427 574 3487 etatum
611 3443 707 3487 suum
745 3420 898 3486 omnibus
942 3422 1115 3488 abundant
1160 3425 1196 3490 in
1233 3429 1365 3515 propria

311 3528 483 3610 potestate.
531 3523 640 3588 Multo
666 3524 823 3589 dicuntur
853 3523 907 3590 hic
938 3546 959 3589 a
989 3526 1158 3611 magistris
1191 3528 1364 3616 theologiae

312 3625 521 3692 sreculuribns
543 3632 658 3691 contra
694 3626 765 3692 istu.
812 3626 879 3692 Sed
911 3632 1036 3694 certum
1068 3633 1120 3694 est
1154 3632 1241 3717 quod
1262 3632 1365 3698 verba

311 3730 436 3796 hubent
468 3749 642 3807 venenosa,
674 3728 778 3815 gratis
808 3729 964 3796 oberrant
992 3733 1167 3797 atremite
1205 3735 1363 3800 veritatis

313 3834 350 3899 Si
389 3832 513 3900 deliciis
551 3836 670 3918 agatur
707 3835 742 3895 et
771 3833 900 3918 pompis
928 3835 1044 3899 mundi
1075 3835 1284 3901 manifestum
1314 3843 1365 3904 est

313 3938 401 4023 quod
423 3939 611 4022 repugnant
633 3934 738 3999 stetui
770 3934 958 4021 religionis3
992 3941 1028 4000 et
1059 3941 1138 4000 sunt
1167 3937 1365 4003 tollerabiles

311 4040 382 4104 sive
404 4039 509 4125 magis
532 4036 734 4103 excusabiles
756 4038 792 4101 in
815 4037 966 4123 praelatis.
1002 4037 1053 4103 De
1077 4039 1218 4103 stutibus
1240 4061 1367 4126 semper

312 4142 365 4207 bic
386 4142 510 4228 loquor,
526 4141 603 4206 licet
625 4141 661 4205 iu
683 4141 829 4226 personis
851 4142 954 4226 possit
976 4140 1052 4206 hinc
1074 4141 1151 4212 inde
1173 4163 1241 4207 esse
1259 4143 1366 4208 diver-

313 4246 417 4324 sitas;
462 4245 539 4331 quia
576 4243 642 4309 fuit
671 4242 778 4308 Judae
809 4243 845 4307 in
878 4247 969 4308 statu
993 4243 1162 4324 altissimo,
1185 4249 1220 4310 et
1252 4252 1365 4312 tamen

312 4346 612 4433 imperfectissimus
649 4345 723 4423 fuit,
747 4346 848 4410 immo
872 4349 964 4412 totus
987 4347 1099 4411 melus.
1146 4346 1175 4411 Ε
1208 4370 1364 4414 converso

313 4451 349 4514 in
371 4449 582 4535 praelatorum
606 4448 813 4529 saecularium
840 4469 977 4514 numero
999 4449 1097 4514 multi
1119 4449 1199 4514 boni
1222 4457 1300 4517 sunt
1329 4458 1365 4518 et

314 4553 427 4618 sancti.
473 4551 519 4616 Et
542 4550 720 4636 aliquando
742 4551 913 4616 invenitur
934 4551 1053 4636 aliquis
1075 4553 1164 4639 apud
1189 4575 1243 4618 eos
1273 4555 1365 4639 cujus

314 4654 472 4722 sanctitas
494 4675 561 4721 non
583 4654 754 4720 invenitur
775 4654 865 4746 apud
888 4654 1032 4745 reliquos
1062 4655 1158 4723 istius
1188 4658 1365 4744 temporis;
