3586 5640
224 792 227 797 '
304 797 381 882 vm]
717 810 895 864 areanum
919 814 940 863 r.
1025 750 1030 763 ι
1288 799 1353 865 539

305 986 450 1054 Plinius¹
475 989 555 1054 xxii.
582 989 668 1054 libro
689 989 818 1070 recitat,
848 989 989 1055 militem
1022 992 1194 1054 strenuum
1222 1009 1359 1076 corpore

305 1094 341 1156 et
362 1091 472 1157 animo
495 1091 585 1158 ultra
607 1096 741 1158 aetatem
772 1092 916 1157 hominis
945 1095 1134 1157 consuetam
1158 1090 1289 1156 durasse
1320 1092 1357 1156 in

304 1215 365 1261 sua
387 1194 576 1281 probitate:
600 1195 653 1263 cui
675 1216 777 1281 quum
803 1194 1004 1261 Octavianus
1027 1195 1200 1281 Augustus
1223 1193 1355 1271 diceret,

304 1295 385 1380 quid
423 1296 552 1362 fecisset
581 1301 621 1362 ut
650 1298 697 1363 sic
726 1297 866 1378 viveret,
889 1296 1060 1384 respondit
1096 1297 1133 1361 in
1170 1295 1356 1382 enigmate,

304 1397 393 1483 quod
415 1399 522 1464 oleum
545 1399 657 1486 posuit
679 1400 826 1466 exterius
848 1405 883 1466 et
905 1399 1049 1465 mulsum
1068 1399 1214 1464 interius
1254 1395 1362 1485 [Mul-

305 1521 377 1565 sum
413 1506 525 1567 autem
546 1502 648 1568 habet
680 1507 754 1569 octo
776 1508 886 1590 partes
917 1524 1012 1589 aquae
1043 1507 1079 1567 et
1109 1522 1229 1566 novem
1252 1499 1359 1565 meliis

305 1602 483 1668 secundm
505 1604 702 1694 auctores.]²
762 1605 828 1672 Sed
851 1610 965 1692 postea
986 1602 1131 1669 similia⁸
1153 1603 1260 1668 multa
1281 1623 1356 1668 con-

304 1704 463 1789 tigerunt.
508 1705 597 1771 Nam
627 1708 769 1774 rusticus
799 1707 956 1773 effodiens
982 1708 1018 1772 in
1041 1705 1164 1792 campis
1186 1727 1260 1770 cum
1287 1727 1358 1769 ara·

304 1810 366 1887 tro,
390 1829 449 1872 vas
471 1829 607 1874 aureum
628 1831 703 1874 cum
735 1808 861 1895 liquore
891 1808 997 1875 nobili
1031 1809 1169 1886 invenit,
1200 1813 1236 1872 et
1269 1806 1358 1872 resti·

305 1929 407 1973 mans
429 1931 536 1975 rorem
568 1910 643 1976 coeli
673 1911 759 1975 lavit
795 1910 911 1976 faciem
944 1916 978 1976 et
1007 1910 1122 1991 bibit;
1146 1914 1182 1975 et
1215 1929 1358 1996 corpore,

304 2016 339 2076 et
361 2012 488 2097 spiritu,
512 2018 547 2078 et
570 2013 722 2079 bonitate
744 2013 918 2100 sapientiae
939 2017 1127 2089 renovatus,
1151 2012 1192 2078 ds
1213 2011 1358 2077 bubulco

304 2113 411 2177 factus
445 2119 496 2179 eet
519 2115 649 2200 bajulus
671 2115 758 2203 regis
780 2114 925 2196 Siciliae;
955 2115 1043 2200 quod
1065 2114 1184 2180 accidit
1210 2119 1357 2200 tempore

304 2215 390 2301 regis
413 2215 603 2296 Wilhelmi;
634 2221 669 2282 et
691 2217 868 2303 probatum
890 2221 941 2282 est
963 2216 1156 2283 testimonio
1188 2216 1358 2303 papalium

303 2317 484 2396 literarum,
516 2317 604 2404 quod
627 2318 832 2384 Alemannus
870 2317 1007 2404 quidam
1043 2318 1232 2404 captivatus
1269 2317 1358 2384 inter

305 2417 485 2485 Saracenos
507 2418 630 2507 recepit
653 2421 859 2500 medicinam,
876 2443 944 2508 qua
965 2442 1069 2507 usque
1092 2420 1135 2485 ad
1158 2421 1358 2507 quingentos

304 2543 409 2587 annos
438 2522 511 2588 vita
539 2545 599 2588 sua
629 2522 826 2610 prolongata
863 2528 922 2589 est
979 2522 1068 2588 Nam
1104 2545 1165 2589 rex
1191 2522 1249 2609 qui
1282 2543 1358 2586 eum

304 2623 467 2690 habuerat
498 2626 676 2712 captivum,
705 2626 829 2713 recepit
851 2625 938 2712 regis
969 2624 1082 2713 magni
1112 2624 1248 2690 nuntios
1283 2646 1357 2690 cum

303 2726 364 2792 hac
410 2727 574 2793 medicina
586 2751 595 2807 ;
630 2727 687 2793 sed
725 2728 803 2815 quia
844 2751 916 2794 eam
962 2733 1147 2815 suspectam
1186 2727 1357 2807 habuerat,

304 2830 411 2895 voluit
433 2831 570 2917 probare
592 2831 628 2896 in
652 2831 785 2917 captivo
807 2830 896 2916 quod
918 2831 1028 2895 fuerat
1050 2830 1081 2895 ei
1104 2829 1257 2895 delatum.
1305 2828 1359 2893 Si-

304 2933 428 2999 militer
450 2932 584 2998 domina
607 2933 648 2998 de
674 2932 817 2998 Nemore
848 2932 885 2996 in
909 2932 1084 2996 Britannia
1109 2930 1237 3017 Majori,
1268 2951 1358 3016 quee-

304 3057 380 3101 rens
402 3058 533 3103 cervam
570 3036 689 3116 albam,
721 3034 852 3100 invenit
881 3032 1112 3121 unguentum,⁴
1149 3056 1215 3120 quo
1247 3039 1357 3100 custos

304 3140 446 3204 nemoris
476 3161 510 3204 se
532 3143 734 3225 perunxerat
755 3138 792 3202 in
814 3141 886 3204 toto
909 3159 1049 3224 corpore,
1077 3141 1299 3223 praeterquam
1320 3136 1357 3202 in

304 3241 448 3326 plantis;
471 3241 529 3327 qui
551 3240 641 3305 vixit
663 3240 819 3306 trecentis
841 3239 938 3305 annis
961 3240 1031 3305 sine
1054 3239 1274 3326 corruptione,
1298 3260 1357 3305 ex·

304 3344 408 3429 ceptis
430 3343 552 3430 pedum
585 3341 798 3430 passionibus.
857 3343 903 3408 Et
924 3343 1046 3430 pluries
1077 3342 1207 3430 experti
1244 3363 1358 3408 sumus

303 3445 426 3510 nostris
448 3445 660 3533 temporibus,
685 3445 774 3531 quod
803 3445 951 3511 homines
977 3445 1101 3510 riuales
1124 3445 1195 3510 sine
1218 3445 1356 3511 consilio

204 3617 207 3622 ,
304 3547 504 3613 medicorum
534 3547 693 3614 vixerunt
719 3553 852 3614 centum
875 3553 910 3614 et
942 3548 986 3613 lx.
1009 3548 1106 3613 annis
1142 3547 1198 3612 vel
1219 3547 1356 3613 circiter.

306 3649 389 3716 Haec
426 3651 528 3716 etiam
566 3651 803 3717 confirmantur
839 3672 898 3738 per
935 3671 1035 3736 opera
1070 3649 1263 3714 animalium
1275 3673 1285 3730 ;
1315 3654 1356 3714 ut

305 3753 402 3831 cervi,
429 3759 465 3819 et
487 3753 614 3840 aquilae,
642 3759 677 3820 et
699 3757 872 3842 serpentes,
898 3758 933 3819 et
954 3752 1060 3818 multa
1096 3750 1170 3832 alie,
1202 3773 1277 3838 quae
1299 3772 1358 3838 per

303 3855 447 3922 virtutes
483 3856 660 3923 herbarum
683 3863 717 3923 et
738 3857 887 3944 lapidum
924 3877 1017 3922 suam
1047 3857 1211 3921 renovant
1235 3852 1356 3939 juven·

304 3964 420 4024 tutem.
481 3961 527 4026 Et
549 3960 623 4026 ideo
652 3960 816 4046 sapientes
845 3959 1009 4026 dederunt
1038 3979 1073 4022 se
1095 3957 1138 4022 ad
1167 3955 1357 4041 hujusmodi

304 4067 473 4141 secretum,
496 4063 634 4129 excitati
652 4061 813 4148 exemplis
834 4061 1017 4141 brutorum,
1041 4059 1242 4126 aestimmtes
1268 4057 1357 4146 quod

307 4274 976 4285 m———..--—--—-———-———--—-
984 4273 1066 4280 .-—--
1076 4274 1103 4280 .-

339 4422 346 4454 ¹
360 4421 469 4488 Plinius]
488 4419 553 4472 xxii.
566 4426 605 4472 24.
888 4415 1011 4483 'aimiiic]
1024 4431 1073 4468 om.
1085 4415 1142 4467 MS.

339 4500 469 4552 ’Maleum
486 4536 493 4553 .
512 4532 518 4552 .
536 4498 684 4567 [πνείοντε]
708 4508 757 4551 om
776 4498 804 4551 C.
889 4493 1173 4562 ‘immitescentium
1198 4501 1356 4560 unguentum

306 4579 362 4631 Ms.
855 4575 1071 4642 composuitiffi.
