3586 5640
336 817 386 905 n]
668 831 900 884 conensnmn
922 832 1049 884 sinon
1320 812 1385 884 507

334 1008 422 1094 quod
444 1009 498 1074 hic
520 1009 633 1086 oritur,
648 1009 795 1074 edhaeret
818 1008 923 1074 vocali
946 1007 1106 1094 sequenti,
1120 1006 1243 1072 scilicet
1264 1006 1329 1094 ipsi
1343 1028 1387 1086 o;

334 1114 369 1175 et
389 1110 463 1176 ideo
495 1112 532 1175 in
564 1133 627 1177 usu
660 1111 854 1176 Latinorum
877 1110 1025 1175 debete
1046 1108 1168 1175 vocalis
1198 1108 1387 1193 syllabienri

333 1233 409 1277 eum
431 1233 455 1277 o
476 1213 573 1278 litero
604 1219 639 1278 et
665 1235 734 1278 non
764 1234 839 1279 eum
871 1233 894 1278 e.
950 1211 1119 1288 Similiter,
1151 1211 1283 1297 quondo
1312 1215 1387 1296 post

333 1313 447 1401 ypsilo
469 1316 619 1402 sequitur
653 1314 757 1382 labdo
787 1316 842 1381 vel
875 1336 924 1396 ro,
957 1319 1038 1381 tuno
1061 1314 1169 1381 Graeoi
1191 1312 1389 1398 syllabicont

334 1416 478 1482 vocalem
500 1418 738 1503 praecedentem
760 1421 940 1505 pensent
989 1466 997 1481 .
1042 1465 1049 1480 .
1095 1467 1103 1483 .
1150 1416 1194 1480 In
1215 1415 1279 1480 hoc
1299 1415 1388 1481 enim

333 1517 510 1584 dictionee
531 1541 590 1606 per
611 1541 646 1585 se
669 1519 902 1606 syllabicstur3
924 1541 954 1598 v,
971 1540 1152 1585 consonans
1174 1517 1388 1603 syllabieotur

334 1641 409 1685 cum
441 1619 544 1687 labdo
576 1627 611 1688 et
644 1644 671 1688 o.
729 1622 776 1687 Et
807 1622 960 1688 similiter
992 1622 1126 1707 quando
1159 1642 1199 1686 ro
1230 1620 1387 1706 sequitur,

333 1728 374 1787 ut
416 1773 425 1790 .
469 1774 477 1790 .
523 1773 531 1790 .
575 1769 585 1790 .
631 1724 698 1790 Sed
727 1724 868 1790 Latinus
897 1724 979 1790 dicit
1009 1746 1090 1789 euro
1122 1745 1181 1810 per
1210 1722 1389 1810 diphthon-

333 1846 422 1911 gum,
460 1847 550 1892 more
589 1824 790 1892 Latinorum.
837 1826 943 1892 Auro
977 1826 1065 1891 enim
1104 1825 1256 1891 Graecum
1294 1847 1389 1892 vocs·

334 1928 449 1993 bulum
472 1933 531 2008 est,
555 1949 621 2014 quo
644 1927 757 1994 Latini
779 1933 921 1993 utuntur
941 1927 978 1992 in
1005 1927 1118 1993 eedem
1149 1927 1388 2014 significatione

334 2051 400 2115 qun
421 2036 457 2095 et
480 2030 593 2107 Graeci,
618 2030 677 2096 sed
699 2029 797 2095 oliter
819 2030 1045 2116 pronuntient
1093 2028 1160 2095 Sed
1186 2029 1298 2095 Latini
1320 2051 1387 2096 non

333 2133 457 2198 hebent
478 2138 530 2198 tot
552 2131 781 2220 diphthongos.
829 2133 981 2213 Qustnor
1001 2153 1081 2198 vero
1103 2136 1237 2197 tantum
1259 2131 1296 2196 in
1325 2153 1388 2197 usn

334 2234 540 2312 Latinorum,
556 2235 681 2301 scilieet
703 2256 739 2315 ω,
763 2255 799 2313 ce,
823 2256 881 2313 oo,
899 2239 934 2300 et
956 2256 1007 2301 eo.
1053 2234 1099 2300 Et
1122 2256 1196 2300 cum
1219 2235 1388 2301 additura

334 2337 378 2400 ed
401 2357 425 2402 a
446 2341 544 2401 sonat
565 2358 590 2414 e,
613 2341 653 2402 ut
675 2336 800 2402 coelum
823 2342 920 2402 sonat
941 2336 1055 2402 celum.
1094 2336 1238 2403 Etcum
1253 2337 1388 2402 additur

333 2440 416 2504 ced
437 2460 457 2504 o
479 2445 575 2505 sonet
598 2461 623 2520 e,
645 2444 686 2505 ut
713 2437 825 2526 coepit
847 2444 945 2505 sonet
978 2440 1072 2526 oepit
1119 2439 1252 2506 Graecus
1283 2439 1388 2527 igitur

333 2541 427 2607 sddit
448 2540 522 2608 iota
543 2543 586 2607 ed
608 2541 716 2629 choto
738 2548 773 2608 et
794 2563 834 2623 ⁰3
866 2547 902 2608 et
931 2541 1071 2607 Intinus
1101 2541 1139 2607 in
1161 2541 1290 2608 Latinis
1321 2542 1388 2608 dio·

332 2644 480 2710 tionibus
503 2645 598 2711 nddit
619 2666 636 2710 e
658 2646 701 2711 ed
723 2666 748 2711 o
769 2650 804 2711 et
829 2646 873 2710 od
894 2666 920 2710 ο.
972 2645 1018 2711 Et
1049 2667 1124 2711 eum
1157 2646 1293 2712 additur
1314 2645 1387 2713 iota

331 2747 375 2812 od
411 2746 518 2834 cipho
550 2749 730 2815 seeundum
768 2748 928 2830 (ireseum,
951 2749 1006 2814 vel
1032 2769 1050 2814 e
1076 2747 1119 2814 od
1150 2770 1174 2815 a
1206 2750 1386 2816 seeundum

331 2847 501 2929 Latinum,
517 2850 659 2917 hebetur
680 2850 768 2916 idem
791 2872 899 2928 sonus,
923 2850 1080 2936 qnoniam
1102 2855 1238 2916 sonatur
1259 2873 1284 2917 e.
1319 2851 1386 2917 Sed

330 2974 398 3017 non
435 2952 482 3017 sic
518 2953 689 3020 additione
711 2952 729 3018 i
751 2953 794 3017 sd
821 2974 841 3017 o
867 2952 1046 3017 secundum
1078 2952 1238 3032 Graeoum‚
1272 2958 1307 3018 et
1344 2953 1386 3018 de

331 3054 539 3119 additiones
571 3055 615 3118 od
649 3076 668 3118 o
699 3054 877 3119 secundum
915 3053 1081 3118 Latinum.
1126 3053 1215 3119 Nom
1254 3055 1385 3122 omens

331 3161 428 3220 sonat
449 3177 472 3241 y
494 3155 654 3233 Graecum,
670 3154 817 3221 Latinus
838 3159 935 3221 sonet
956 3177 980 3221 e.
1026 3155 1070 3220 In
1096 3156 1170 3221 eliis
1195 3179 1273 3223 vero
1305 3157 1384 3223 dus-

331 3257 395 3321 hus
429 3257 646 3344 diphthongis
673 3257 878 3337 Latinorum,
917 3257 1041 3324 scilicet
1078 3280 1127 3326 ao
1165 3265 1200 3326 et
1237 3282 1280 3326 eo
1317 3283 1385 3328 non

331 3357 471 3424 resultat
493 3380 592 3424 sonus
618 3359 717 3425 unius
738 3360 869 3439 vocalis,
893 3361 950 3427 sed
983 3381 1082 3427 sonus
1113 3364 1312 3451 compositus
1342 3386 1384 3430 ex

332 3461 459 3526 duobus
496 3483 570 3528 eum
609 3462 731 3528 dicitnr
754 3484 805 3530 coe
831 3469 866 3529 et
888 3484 938 3529 eo.
985 3463 1051 3529 Sed
1081 3464 1213 3532 Graeeus
1242 3467 1279 3531 in
1308 3488 1383 3533 oon-

330 3563 494 3629 similibus
528 3564 744 3653 diphthongis
781 3565 902 3653 occipit
930 3586 953 3632 v
985 3587 1046 3652 pro
1083 3574 1282 3635 consonante
1315 3591 1384 3635 non

329 3689 390 3753 pro
412 3666 527 3747 vocali,
551 3667 644 3753 cujus
665 3689 764 3733 sonos
785 3669 925 3734 resultet
944 3689 988 3734 ex
1010 3668 1179 3735 additione
1211 3669 1324 3757 ppeito
1340 3672 1383 3737 ed

328 3791 353 3835 a
374 3774 409 3834 et
431 3789 456 3847 e,
480 3774 514 3835 et
536 3774 616 3837 tunc
637 3771 777 3836 resultat
798 3792 897 3837 sonus
920 3792 963 3838 ex
985 3772 1092 3838 vocali
1118 3778 1382 3856 commonente,

327 3876 368 3937 ut
383 3870 430 3958 as,
453 3872 508 3938 vel
529 3871 568 3958 cf,
591 3872 647 3939 vel
668 3871 709 3959 is,
731 3872 817 3939 sieut
838 3873 965 3940 dietum
987 3879 1044 3940 est

772 4267 853 4335 One.
883 4265 945 4333 XI.

371 4474 442 4541 H1s
469 4474 595 4556 habitis
631 4477 865 4544 convenienter
904 4481 1014 4566 posset
1060 4477 1133 4545 fieri
1172 4500 1278 4547 sermo
1308 4479 1528 4571 lon-syllabica-

326 4576 399 4665 gior
426 4578 468 4644 de
497 4579 625 4665 syllaba
660 4582 697 4645 et
733 4581 861 4648 ratione
890 4581 1114 4668 syhnbicsndi,
1145 4582 1203 4650 sed
1231 4563 1506 4694 bmviterssffl

328 4684 471 4763 transeo,
506 4681 584 4768 quie
617 4703 660 4749 ex
683 4681 850 4752 Pn‘seiono
883 4684 1026 4752 multum
1062 4688 1157 4773 petet
1189 4686 1377 4774 conjunctio
