3586 5640
462 763 527 830 898
839 776 967 832 meum
989 774 1135 830 ascerus
1424 761 1515 850 [cm.

459 956 495 1020 et
516 951 692 1042 indignum
714 958 865 1020 servatur
897 954 938 1020 de
969 954 1030 1021 hoc
1062 955 1158 1021 modo
1185 955 1224 1021 in
1253 955 1363 1021 studio
1386 955 1517 1042 sapien-

460 1055 527 1135 tiae,
558 1060 598 1121 ut
627 1055 756 1142 patebit
782 1056 928 1122 inferius
974 1057 1020 1122 Et
1043 1057 1119 1124 ideo
1144 1062 1269 1124 secreta
1294 1062 1329 1124 et
1350 1059 1516 1145 magnalia

460 1159 632 1245 sapientise
661 1159 793 1246 penitus
823 1158 874 1226 his
904 1160 1112 1247 temporibus
1133 1184 1154 1227 a
1177 1160 1278 1249 vulgo
1308 1160 1513 1230 studentium

459 1260 662 1349 ignorantur.

291 1369 437 1487 ffbeimpe
506 1363 573 1430 Sed
594 1365 672 1431 licet
693 1364 791 1430 homo
820 1367 919 1430 natus
950 1365 994 1430 sit
1019 1366 1063 1432 ad
1089 1364 1260 1453 sapientias
1281 1365 1454 1453 magnalia,
1479 1372 1515 1435 et

290 1447 399 1556 ,2125ssss
409 1440 440 1491 ⁰¹
460 1466 537 1534 licet
558 1468 662 1555 possit
692 1468 733 1532 de
763 1467 852 1534 facili
883 1467 1068 1555 pertingere
1103 1469 1147 1534 ad
1179 1490 1293 1535 omncs
1326 1474 1435 1556 partes
1461 1491 1514 1535 sa

291 1574 443 1626 concideres
459 1571 602 1658 pientiae,
626 1571 654 1636 si
683 1570 799 1635 modus
821 1569 953 1636 debitus
975 1570 1161 1650 adhibetur,
1183 1570 1249 1636 nisi
1274 1570 1513 1659 impedimenta

458 1673 696 1760 contingerent,
727 1673 801 1739 ideo
831 1693 958 1738 necesse
988 1677 1039 1738 est
1069 1677 1188 1760 quarto
1218 1674 1422 1760 propositum
1454 1696 1512 1740 ex-

457 1797 586 1862 ponere,
609 1775 733 1842 scilioet
754 1775 795 1841 de
816 1773 1060 1861 impedimentis
1080 1774 1261 1861 sapientiae,
1283 1779 1354 1842 tam
1375 1776 1412 1841 in
1434 1776 1510 1842 sub-

458 1879 582 1944 stantia
614 1879 684 1965 ejus
707 1899 806 1964 quam
828 1878 865 1941 in
889 1878 994 1955 modo,
1018 1882 1058 1943 ut
1087 1878 1233 1943 remedia
1263 1877 1333 1963 ejus
1363 1883 1511 1966 pateant,

458 1981 578 2068 quibus
608 1981 715 2048 omnis
743 1979 878 2066 juvenis
914 1979 991 2047 licet
1024 1979 1127 2046 durus
1164 1980 1298 2066 ingenio
1336 1985 1370 2046 et
1406 1979 1512 2047 facilis

457 2084 568 2152 valeat
605 2084 649 2151 ad
687 2082 921 2170 perfectionem
954 2082 1134 2169 sapientise,
1175 2083 1354 2148 secundum
1399 2105 1512 2150 omnes

456 2188 579 2274 gradus
609 2187 755 2273 quinque
782 2185 896 2264 dictos,
920 2183 1094 2250 efficaciter
1115 2185 1295 2271 pervenire
1341 2184 1408 2251 Sed
1431 2187 1511 2272 quia

456 2290 527 2356 haec
558 2288 795 2375 impedimenta
823 2309 891 2353 non
920 2287 1162 2352 consideremus
1193 2308 1215 2352 a
1239 2287 1426 2374 juventute,
1453 2289 1511 2355 sed

456 2392 654 2480 negligimus
678 2391 819 2467 omnino,
847 2390 921 2455 ideo
952 2389 1097 2476 perimus
1126 2411 1200 2455 cum
1232 2410 1338 2455 errore
1368 2389 1509 2472 infinito,

455 2515 516 2561 neo
537 2514 708 2580 possumus
737 2490 880 2577 experiri
909 2491 1071 2557 utilitates
1101 2492 1271 2578 sapientiae
1301 2492 1338 2558 in
1367 2492 1509 2572 ecclesia,

454 2602 490 2663 st
511 2596 548 2662 in
579 2595 687 2662 tribus
718 2593 853 2680 reliquis
887 2593 1071 2659 antedictis.
1115 2594 1247 2660 Accidit
1276 2595 1365 2660 enim
1391 2617 1433 2660 ex
1457 2596 1510 2662 his

455 2697 699 2786 impedimentis
731 2696 820 2782 quod
851 2695 1006 2761 videatur
1036 2695 1234 2775 hominibus,
1258 2697 1347 2783 quod
1377 2697 1445 2762 sint
1473 2699 1510 2763 in

455 2801 603 2869 maxima
624 2800 729 2887 gloria
750 2797 929 2885 sapientise,
949 2797 999 2863 ita
1021 2799 1110 2884 quod
1130 2821 1301 2885 nunquam
1326 2799 1392 2866 fuit
1413 2806 1511 2867 tanta

455 2905 647 2994 apparentia
678 2901 856 2990 sapientiae,
881 2921 943 2966 nec
964 2905 1098 2966 tantum
1128 2903 1321 2968 exercitium
1350 2902 1451 2969 studii
1473 2903 1511 2969 in

454 3013 507 3074 tot
528 3006 741 3074 facultatibus
769 3005 806 3069 in
828 3008 881 3070 tot
902 3004 1097 3090 regionibus,
1122 3004 1207 3069 sicut
1234 3004 1305 3089 jam
1328 3026 1349 3070 a
1372 3007 1511 3092 quadra·

454 3111 550 3198 ginta
581 3111 685 3174 annis.
734 3106 867 3191 Ubique
899 3106 988 3170 enim
1012 3105 1159 3171 doctores
1191 3113 1270 3172 sunt
1302 3106 1448 3192 dispersi,
1475 3115 1510 3173 et

454 3213 598 3277 maxime
635 3212 672 3276 in
709 3209 875 3295 theologia
907 3209 944 3272 in
982 3209 1072 3273 omni
1103 3208 1246 3286 civitate,
1282 3214 1316 3274 et
1349 3210 1385 3273 in
1419 3211 1509 3276 omni

454 3319 568 3390 castro,
592 3318 627 3378 et
657 3313 694 3376 in
724 3311 814 3377 omni
836 3311 963 3396 burgo;
985 3311 1147 3397 praecipue
1174 3334 1233 3398 per
1264 3312 1347 3376 duos
1379 3313 1508 3378 ordines

453 3415 631 3490 studentes,
655 3415 744 3499 quod
775 3435 842 3478 non
865 3414 984 3478 acmdit
1014 3413 1078 3478 nisi
1101 3435 1122 3477 a
1153 3413 1373 3500 quadraginta
1403 3416 1508 3494 annis,

452 3519 508 3586 vel
544 3518 679 3583 circiter.
730 3515 816 3582 Cum
847 3521 959 3581 tamen
988 3537 1157 3601 nunquam
1188 3516 1254 3581 fuit
1287 3522 1383 3582 tanta
1415 3518 1508 3603 igno·

453 3621 571 3699 rantis,
604 3625 717 3685 tantus
747 3639 846 3698 error,
878 3619 964 3684 sicut
1001 3639 1043 3684 ex
1074 3619 1135 3683 hac
1170 3619 1333 3705 scriptura
1362 3619 1508 3687 finaliter

453 3723 717 3790 manifestissime
762 3721 943 3807 apparebit,
982 3725 1017 3786 et
1065 3743 1152 3786 nunc
1197 3722 1411 3787 manifestum
1458 3730 1509 3789 est

453 3825 513 3894 hoc
543 3849 602 3913 per
639 3825 798 3890 effectum.
845 3822 933 3888 Nam
967 3823 1063 3909 plura
1100 3829 1234 3909 peccata
1270 3831 1410 3910 regnant
1455 3826 1507 3890 his

452 3929 653 4016 temporibus
687 3948 787 4013 quam
816 3947 964 4012 unquam
993 3926 1198 4012 temporibus
1228 3926 1417 4012 prioribus;
1450 3930 1507 3994 sed

452 4038 625 4119 peccatum
648 4052 715 4096 non
737 4035 847 4116 potest
869 4034 955 4094 stare
978 4050 1052 4093 cum
1075 4029 1244 4115 sapientia.

497 4135 676 4200 Videamus
699 4155 811 4199 omnes
842 4137 949 4198 status
983 4131 1106 4209 mundi,
1131 4137 1165 4196 et
1187 4132 1426 4198 consideremus
1456 4132 1505 4198 di·

451 4237 601 4323 ligenter,
639 4235 844 4301 inveniemus
890 4235 1131 4320 corruptionem
1169 4235 1334 4300 infinitam
1373 4236 1504 4321 ubique,

357 4363 364 4376 ·
452 4339 541 4424 quod
572 4338 677 4423 primo
705 4342 841 4424 apparet
875 4336 912 4402 in
941 4336 1055 4422 capite.
1102 4336 1190 4401 Nam
1219 4336 1319 4402 Curia
1346 4337 1503 4419 Romana,

451 4463 526 4526 quae
549 4440 674 4504 solebat
705 4444 739 4504 et
769 4441 867 4504 debet
889 4440 958 4526 regi
985 4439 1148 4525 sapientia
1171 4438 1243 4517 Dei,
1270 4461 1359 4504 nunc
1389 4440 1504 4526 depra-

449 4547 550 4607 vatur
572 4542 863 4607 constitutionibus
886 4542 1118 4627 imperatorum
1141 4541 1306 4617 laicorum,
1325 4540 1421 4606 factis
1445 4564 1503 4627 pro

450 4646 582 4733 proprio
619 4643 703 4708 laico
735 4643 885 4730 regendo,
919 4665 999 4730 quas
1029 4643 1085 4729 jus
1114 4643 1210 4709 civile
1241 4643 1394 4709 continet.
1441 4644 1502 4709 La
