3586 5640
717 795 804 865 oros
826 796 944 845 arros
1292 778 1358 850 367
1448 850 1463 873 ‚

305 968 382 1033 siooi
419 970 455 1033 et
490 968 620 1033 humidi
658 968 696 1032 in
733 969 885 1055 potentia
922 970 965 1034 ad
1002 974 1157 1035 naturam
1194 971 1292 1035 mlidi
1323 974 1357 1035 et

304 1069 439 1157 frigidm
461 1071 547 1135 siout
569 1093 685 1157 eorpus
709 1077 759 1135 est
781 1073 817 1136 in
839 1073 990 1157 potentia
1005 1073 1047 1137 al
1063 1073 1216 1153 animam,
1235 1095 1295 1138 neo
1317 1074 1357 1137 fit

305 1195 373 1239 una
403 1174 543 1237 materia
564 1174 674 1238 media
696 1173 750 1237 vol
777 1175 886 1238 mixta
919 1196 960 1239 ex
994 1175 1061 1239 illis
1094 1176 1230 1240 duabus.
1292 1175 1357 1239 Sed

305 1275 487 1362 composita
509 1275 595 1340 siout
617 1297 659 1339 ex
682 1275 822 1341 materia
853 1282 888 1341 et
918 1275 1088 1354 formant
1119 1300 1160 1342 ex
1191 1277 1302 1341 anima
1324 1283 1359 1341 et

304 1398 446 1464 corpore,
470 1399 537 1442 non
560 1378 601 1442 fit
622 1383 743 1442 natura
770 1378 879 1442 media
901 1400 960 1464 per
986 1379 1194 1459 mixtionem,
1217 1380 1274 1443 sed
1301 1400 1359 1465 per

305 1480 461 1545 unionem
484 1485 520 1545 et
541 1481 810 1567 compositionem
829 1481 1016 1546 naturalem
1031 1504 1074 1546 ox
1089 1481 1219 1547 duobus
1234 1481 1357 1567 primis,

305 1604 446 1667 quorum
478 1604 582 1646 unum
614 1589 664 1647 est
695 1582 731 1646 in
762 1582 913 1668 potentia
942 1589 1089 1668 respectu
1124 1582 1266 1648 alterius.
1313 1583 1358 1647 Et

305 1692 356 1753 est
379 1686 631 1773 intelligendum
654 1689 741 1772 quod
765 1688 850 1753 siout
873 1689 909 1752 in
932 1688 1095 1753 elemento
1117 1694 1197 1753 sunt
1219 1689 1359 1753 materia

305 1790 445 1875 simplex
467 1795 502 1853 et
535 1788 640 1853 forma
674 1790 819 1875 simplex,
851 1791 902 1854 ita
932 1791 968 1854 in
1002 1791 1108 1855 mixto
1139 1798 1190 1856 est
1220 1792 1359 1855 materia

306 1892 414 1956 mixta
428 1896 463 1956 et
486 1890 591 1955 forma
612 1890 727 1955 mixta.
773 1890 820 1954 Et
841 1914 862 1955 a
885 1898 978 1978 porte
1001 1894 1175 1978 utriusque
1198 1899 1277 1958 sunt
1291 1893 1358 1958 illae

306 1993 381 2058 duae
403 1999 534 2058 naturae
556 1993 682 2072 mediae,
706 1992 755 2056 ita
785 1992 873 2078 quod
907 1995 943 2057 in
975 1996 1115 2059 matoria
1148 1996 1255 2060 mixta
1278 2000 1358 2060 sunt

305 2094 380 2161 duae
403 2101 532 2160 naturae
552 2095 672 2159 mediae
693 2094 887 2171 materiales,
904 2096 960 2158 sed
984 2117 1051 2159 una
1075 2102 1126 2159 est
1149 2096 1185 2159 in
1208 2097 1359 2181 potentia

306 2197 350 2261 ad
372 2196 478 2261 aliam.
525 2196 687 2261 Similiter
715 2217 736 2259 a
765 2200 860 2281 porte
881 2194 995 2260 formae
1025 2198 1140 2262 mixtte
1174 2204 1252 2261 sunt
1283 2198 1358 2262 dum

306 2298 492 2363 materiales
526 2297 654 2378 mediae,
678 2297 735 2362 sed
758 2319 826 2361 una
848 2300 898 2361 est
926 2297 963 2361 in
988 2300 1138 2383 potentia
1164 2299 1207 2362 ad
1238 2298 1357 2380 alia1n3

306 2406 341 2465 et
370 2406 443 2465 tota
475 2401 622 2479 materia,
647 2421 721 2485 quoe
751 2400 792 2464 fit
821 2422 888 2464 una
919 2404 1053 2486 propter
1075 2401 1146 2481 hoo,
1168 2401 1256 2486 quod
1291 2423 1358 2465 una

305 2508 426 2567 natura
448 2502 518 2588 ejus
541 2507 591 2567 est
614 2503 649 2566 in
673 2503 823 2588 potentia
846 2503 889 2567 ad
911 2503 1020 2584 aliam,
1037 2504 1077 2568 fit
1091 2505 1126 2568 in
1142 2504 1291 2591 potentia
1313 2505 1356 2568 ad

305 2612 411 2670 totam
449 2606 589 2669 formam
627 2605 736 2670 mixti.
789 2605 835 2670 Et
872 2607 919 2670 sio
955 2611 1066 2692 potest
1102 2607 1174 2671 fieri
1212 2608 1356 2671 mixtum

306 2730 409 2772 unum
433 2729 475 2772 ox
498 2707 633 2784 duobus,
651 2730 791 2793 quorum
807 2731 910 2773 unum
926 2715 976 2773 est
992 2709 1027 2772 in
1042 2710 1192 2795 potantia
1206 2710 1356 2788 alterius3

306 2816 342 2875 et
364 2811 424 2875 hoo
446 2810 566 2874 sufficit
589 2810 632 2874 ad
654 2811 819 2875 unitatem
842 2832 950 2874 rerum
978 2813 1240 2895 compositarum,
1273 2813 1358 2875 siout

308 2914 504 2979 Aristoteles
535 2914 629 2976 docet
659 2913 696 2975 in
727 2913 867 2998 septimo
904 2911 1212 2996 Metaphysioorum,
1251 2920 1284 2976 et
1321 2914 1357 2975 in

307 3016 380 3080 aliis
401 3017 488 3080 locis.
546 3015 635 3077 Nam
665 3015 701 3077 in
729 3014 868 3099 septimo
891 3013 972 3077 dioit
997 3014 1085 3097 quod
1108 3035 1149 3077 ex
1172 3013 1300 3077 duobus
1322 3014 1357 3077 in

309 3124 386 3181 actu
412 3140 480 3181 non
503 3116 543 3179 lit
565 3138 677 3192 rmum,
701 3136 762 3179 neo
784 3136 826 3178 ex
842 3114 970 3178 duobus
993 3115 1029 3175 in
1052 3115 1209 3199 potentia,
1235 3115 1292 3178 sed
1316 3136 1358 3178 ex

309 3219 438 3282 (luobus
472 3239 609 3301 quorum
640 3238 744 3280 unum
776 3221 826 3280 est
855 3216 892 3279 in
923 3215 1074 3302 potentia
1103 3221 1252 3302 respectu
1278 3216 1358 3281 alte-

311 3321 401 3395 rius3
441 3325 479 3382 ut
512 3341 552 3381 ex
586 3319 698 3382 anima
731 3322 767 3383 et
804 3340 935 3405 corpore
946 3344 954 3399 3
985 3323 1020 3383 et
1050 3320 1278 3387 universaliter
1315 3341 1357 3384 ox

308 3421 447 3484 materia
468 3425 502 3484 et
524 3419 635 3483 forma.

355 3621 429 3686 Hoo
462 3620 585 3697 habito,
619 3621 890 3686 considerandum
920 3629 970 3688 est
1004 3646 1077 3709 quse
1111 3623 1218 3687 mixta
1252 3625 1357 3710 primo
1371 3652 1507 3718 Theologi-

309 3726 397 3790 fiunt
435 3746 477 3788 ex
516 3723 693 3801 elementis,
734 3730 768 3790 et
798 3747 872 3810 quae
909 3726 1101 3790 secundario
1113 3751 1123 3806 3
1162 3748 1227 3810 quo
1260 3727 1358 3791 modo
1371 3720 1526 3838 fficigffi

309 3832 418 3915 potest
432 3827 504 3892 fiori
527 3826 670 3890 mixtum
692 3827 734 3891 ad
758 3827 990 3913 aequalitatem,
1006 3833 1041 3893 et
1056 3827 1197 3914 qualiter
1218 3850 1301 3908 non;
1325 3835 1358 3894 et
1371 3825 1491 3917 question.

310 3931 497 4015 hujusmodi
516 3929 581 3993 alia
596 3935 790 4014 (inseruntur
804 3931 941 3996 scienda.
988 3932 1063 3996 Hoo
1077 3936 1127 3995 est
1141 3933 1358 3996 necessarium

309 4034 389 4098 seire
411 4038 545 4119 propter
573 4032 841 4118 compositionem
871 4035 1012 4120 eorporis
1035 4035 1120 4098 Adae
1150 4040 1185 4097 et
1214 4034 1295 4098 Evae
1325 4040 1359 4099 et

307 4142 442 4222 propter
464 4137 590 4201 fructus
612 4136 774 4221 paradysi,
807 4158 849 4200 ex
872 4136 992 4222 quibus
1022 4135 1254 4200 immortalitas
1276 4135 1360 4201 Adae

307 4239 470 4324 potuisset
492 4239 678 4304 continuari
701 4239 728 4303 si
743 4260 811 4303 non
825 4245 988 4326 peooasset
1001 4263 1009 4319 3
1040 4243 1074 4303 et
1089 4238 1241 4304 similitor
1255 4239 1359 4304 totius

307 4341 474 4426 progeniei
511 4363 602 4422 suae3
649 4342 801 4406 similiter
837 4341 898 4406 hoo
934 4342 1114 4407 necessario
1147 4341 1222 4406 sciri
1261 4342 1360 4407 debet

308 4448 442 4529 propter
463 4445 729 4508 resurrectionem
752 4449 787 4508 et
809 4443 1093 4510 immortalitatem
1115 4450 1186 4509 tam
1202 4444 1360 4508 damnan-

308 4546 425 4610 dorum
447 4568 546 4632 quam
569 4543 865 4633 glorificandorum.
924 4548 969 4613 Et
991 4548 1034 4612 ad
1055 4549 1188 4613 infinita
1209 4548 1246 4617 in
1267 4547 1359 4612 theo·

307 4649 395 4736 logia
426 4655 460 4715 et
505 4651 710 4738 philosophia
744 4649 857 4716 valent
894 4649 986 4731 haeo;
1032 4651 1153 4737 quibus
1198 4650 1359 4738 ignoratis
