3294 5744
232 796 360 885 xxvii]
617 810 705 862 orus
726 809 886 861 esurium
1214 795 1275 858 101

232 982 383 1050 cantibus
403 981 608 1059 naturaliter,
629 980 715 1047 sicut
735 980 837 1067 probo
861 979 1087 1067 multipliciter
1113 1000 1171 1067 per
1197 977 1280 1042 Avi-

232 1106 375 1151 cennam.
434 1085 480 1149 Et
505 1088 586 1149 tunc
612 1083 778 1150 considero
801 1079 980 1168 quomodo¹
1005 1103 1072 1147 vox
1085 1080 1281 1166 ⁴imponitur

232 1189 379 1265 univoce,
405 1186 567 1274 quomodo
593 1185 769 1271 aequivoce,
794 1189 829 1249 et
858 1190 939 1271 quot
969 1183 1074 1250 modis
1104 1189 1281 1269 quantum-

233 1312 360 1376 cunque
368 1315 376 1371 ;
392 1297 426 1356 et
441 1288 603 1376 quomodo
618 1286 784 1373 analogice
800 1293 834 1352 et
849 1291 930 1372 quot
945 1286 1057 1352 modis
1089 1285 1135 1350 Et
1149 1284 1281 1370 quando

233 1393 370 1458 univoce
394 1392 566 1480 significat,
593 1394 629 1456 et
652 1395 764 1455 tamen
789 1394 899 1477 potest
928 1389 1110 1475 significare
1140 1387 1280 1465 infinita,

232 1494 309 1560 lieet
338 1514 407 1560 non
436 1516 494 1580 per
523 1491 773 1578 impositionem,
806 1512 865 1556 nec
904 1490 1079 1576 aequivoce,
1114 1511 1174 1554 nec
1204 1511 1281 1553 ana·

233 1597 346 1684 logice,
376 1597 554 1663 secundum
580 1593 694 1660 modos
724 1612 911 1659 communes
941 1591 1110 1679 analogiae.
1157 1591 1202 1657 Et
1224 1614 1281 1657 ex-

233 1699 332 1786 pressi
364 1697 526 1785 quomodo
555 1718 624 1764 vox
654 1696 835 1784 imponitur
858 1693 1016 1775 Creatori,
1046 1699 1081 1759 et
1118 1694 1282 1780 quomodo

233 1805 389 1868 creaturae
415 1798 564 1887 simplici,
591 1805 626 1865 et
653 1798 816 1885 quomodo
838 1797 1025 1885 composito.
1071 1795 1118 1862 Et
1141 1793 1284 1883 qualiter

233 1902 392 1969 absolutis
428 1903 526 1968 robus
564 1901 753 1988 imponitur,
790 1906 824 1967 ct
863 1898 1025 1986 quomodo
1058 1898 1180 1965 relatis.
1237 1899 1283 1963 Et

234 2006 364 2090 quando
388 2006 527 2071 univoce
546 2004 719 2091 significat,
740 2008 774 2069 et
797 2009 908 2068 tamen
930 2002 1027 2068 simul
1050 2002 1158 2066 multa
1182 2001 1282 2088 signi-

234 2108 319 2185 ficat,
352 2107 516 2174 declaravi
545 2105 634 2193 quod
663 2104 860 2171 naturaliter
888 2110 923 2170 et
952 2126 1021 2170 non
1051 2102 1096 2169 ad
1125 2105 1283 2191 placitum

235 2209 399 2295 significat
424 2209 489 2274 illa
551 2209 596 2274 Et
622 2208 680 2272 illa
703 2207 750 2274 sic
774 2208 959 2295 significata
981 2207 1177 2273 naturaliter
1206 2212 1285 2273 sunt

234 2311 430 2377 connotata⁹
460 2310 549 2398 apud
578 2310 753 2397 theologos.
809 2310 855 2375 Et
884 2309 1028 2396 expressi
1058 2310 1220 2396 quomodo
1250 2315 1285 2374 et

237 2418 319 2499 quot
347 2435 405 2500 per
436 2413 571 2478 nomina
608 2413 723 2477 divina
758 2417 895 2499 possunt
929 2411 1123 2493 connotari‚³
1160 2416 1194 2478 et
1225 2433 1285 2499 per

237 2515 374 2580 nomina
409 2521 630 2582 creaturarum
655 2515 859 2602 simplicium,
894 2519 929 2580 et
961 2515 1220 2602 compositarum,
1250 2520 1284 2580 et

237 2617 472 2697 absolutarum,
488 2640 526 2684 ac
539 2618 724 2683 relatarum.
770 2618 816 2683 Et
836 2619 882 2683 sic
897 2639 955 2704 per
975 2618 1086 2683 omnia
1101 2617 1172 2704 jam
1194 2617 1285 2683 dicta

237 2721 414 2785 terminavi
438 2721 559 2786 multas
585 2720 808 2786 dubitationes
837 2741 960 2808 graves,
992 2725 1027 2786 et
1053 2719 1174 2786 multas
1200 2722 1283 2786 veri·

235 2826 332 2902 tates,
358 2844 417 2909 per
443 2844 524 2909 quas
547 2822 658 2889 omnia
681 2823 837 2905 sciuntur,
862 2845 936 2910 quae
960 2823 1022 2889 sub
1047 2823 1228 2909 quaestione
1251 2828 1286 2888 et

236 2925 443 2992 dubitatione
459 2930 637 2992 versantur.

281 3029 445 3095 Caeterum
466 3027 668 3095 consideravi
686 3027 846 3116 quomodo
861 3049 929 3095 vox
948 3027 984 3093 in
1003 3027 1173 3115 Scriptura
1187 3028 1375 3101 Sarrastras
1393 3030 1444 3114 and

235 3130 398 3217 significat
428 3153 560 3197 sensum
592 3131 797 3219 spiritualem
826 3154 901 3198 cum
928 3131 1057 3210 literali,
1097 3141 1130 3197 et
1166 3131 1285 3219 quibus
1295 3104 1459 3234 ’ᾗζῖῗὸζξρ

236 3234 342 3298 modis
362 3234 469 3321 signi3
496 3240 531 3300 et
551 3234 715 3321 quomodo
735 3256 848 3301 sensus
872 3233 1009 3300 literalis
1033 3234 1198 3322 significat
1218 3236 1283 3323 spi·
1297 3243 1361 3287 ture.

237 3336 412 3417 ritualem3
434 3343 470 3402 et
493 3337 656 3423 quomodo
679 3337 784 3404 Vetus
806 3337 1052 3405 Testamentum
1077 3343 1127 3405 est
1153 3338 1285 3426 signum

237 3438 351 3519 Novi3
375 3444 410 3504 et
439 3439 603 3525 quomodo
634 3445 837 3506 sacramente
860 3447 939 3507 sunt
968 3441 1084 3529 signa;
1115 3447 1150 3506 et
1179 3443 1286 3508 multa

236 3539 440 3607 intermiscui
461 3541 629 3623 difficilia;
653 3548 693 3608 ut
713 3543 754 3609 de
776 3543 890 3631 lingua
912 3544 1019 3630 prima
1038 3544 1122 3611 Adae
1146 3550 1181 3610 ct
1205 3567 1283 3630 qua·

235 3642 312 3710 liter
327 3645 419 3711 dedit
433 3645 568 3711 nomina
588 3645 705 3727 rebus3
729 3653 763 3712 et
785 3669 829 3711 an
846 3647 940 3734 pueri
960 3648 996 3711 in
1012 3647 1139 3712 deserto
1163 3647 1284 3712 nutriti

236 3747 349 3833 aliqua
385 3747 500 3835 lingua
532 3770 592 3835 per
620 3771 654 3814 se
684 3753 863 3827 uterentur,
895 3755 930 3816 et
959 3749 988 3814 si
1014 3749 1188 3815 obviment
1221 3750 1286 3815 sibi

236 3849 379 3916 invicem
400 3851 563 3938 quomodo
584 3857 717 3918 mutuos
740 3853 924 3919 indicarent
943 3852 1101 3933 aucam
1125 3857 1160 3918 et
1179 3853 1285 3918 multa

237 3952 303 4018 elia
332 3975 406 4040 quae
437 3975 505 4019 non
535 3976 666 4042 possum
696 3955 795 4021 modo
820 3956 990 4043 explicare.
1041 3955 1142 4022 Unde
1168 3963 1284 4043 reputo

236 4054 321 4122 hanc
349 4062 478 4144 partem
516 4057 741 4144 grammaticae
774 4081 899 4125 summe
937 4059 1149 4124 necessariam
1190 4059 1283 4125 thao-

236 4157 342 4244 logn‘ae,
382 4163 417 4225 et
454 4159 677 4248 philosophiae,
711 4166 746 4226 et
779 4161 842 4227 toti
873 4161 1053 4249 sapientiae.
1116 4163 1161 4227 Et
1183 4163 1285 4250 probo

236 4263 324 4346 quod
360 4261 404 4326 sit
437 4283 513 4349 pars
543 4263 768 4350 grammaticae
799 4269 833 4329 et
862 4285 930 4329 non
967 4265 1102 4332 ulterius
1122 4266 1284 4356 [scientiae.

270 4619 414 4688 ‘quomodoJ
434 4633 498 4688 quar,
518 4619 547 4672 B.
809 4625 975 4697 ⁸coarrroton']
994 4631 1136 4692 convocari,
1152 4633 1180 4685 B.
1194 4631 1226 4686 U.

270 4702 430 4768 'munaum
449 4711 593 4766 convocatu,
609 4703 639 4756 B.
651 4702 684 4758 U.
