3586 5640
328 754 445 841 cxxv]
727 776 814 825 orus
836 778 997 828 rannus.
1317 773 1381 836 305

325 943 435 1010 subito
458 946 557 1011 cadat
578 949 614 1011 in
637 970 782 1014 amorem
805 951 884 1016 boni
908 957 943 1016 et
966 953 1079 1017 odium
1095 955 1183 1031 mali,
1200 959 1378 1026 secundum

325 1047 411 1129 quod
434 1049 530 1114 docet
553 1050 777 1136 Alpharabius
800 1054 836 1116 in
859 1054 944 1118 libro
968 1054 1019 1119 De
1036 1055 1199 1121 Scientiis.
1246 1058 1291 1124 Et
1313 1083 1380 1126 non

323 1148 428 1213 solum
451 1152 639 1217 consistunt
669 1153 739 1220 haec
771 1155 974 1240 praedicandi
1007 1164 1206 1242 argumenta
1240 1161 1275 1223 in
1309 1163 1380 1247 pul-

323 1249 510 1318 chritudine
532 1255 700 1334 sermonis,
724 1277 784 1321 nec
806 1257 842 1320 in
873 1257 1103 1343 magnitudine
1126 1259 1260 1325 divinae¹
1295 1265 1380 1349 sapi·

322 1353 427 1429 entiae,
452 1356 509 1420 sed
531 1356 567 1419 in
589 1356 772 1436 affectibus,
796 1364 831 1423 et
853 1364 959 1444 gestu,
982 1364 1017 1424 ct
1040 1358 1151 1424 debito
1180 1363 1323 1448 corporis
1346 1371 1380 1430 ct

322 1455 543 1522 membrorum
565 1463 661 1523 motu
695 1458 955 1544 proportionata,
991 1482 1094 1544 usque
1127 1483 1191 1545 quo
1226 1463 1379 1531 doctrina

322 1563 509 1623 sanctorum
546 1560 689 1640 accedat,
724 1560 782 1646 qui
816 1561 936 1624 docent
969 1562 1202 1646 prredieantem
1234 1567 1376 1650 gratiam

321 1655 466 1742 Spiritus
481 1659 605 1726 'Sancti
628 1662 665 1725 in
688 1662 897 1747 prothemata
928 1662 1102 1747 implorare
1125 1668 1160 1728 et
1182 1686 1241 1750 pro
1265 1667 1320 1730 so⁹
1344 1674 1378 1733 et

321 1780 379 1842 pro
401 1763 530 1847 popule,
554 1768 589 1828 et
611 1763 798 1848 lachrymas
822 1763 960 1827 devotas
982 1764 1018 1826 in
1041 1764 1124 1828 serie
1156 1768 1377 1850 persuasionis

319 1859 486 1929 effundere
523 1865 743 1930 abundanter.
824 1863 913 1928 Nam
951 1864 997 1929 sic
1035 1865 1131 1929 docet
1168 1865 1376 1951 Augustinus

318 1963 455 2030 formam
488 1967 735 2053 praedicationis
761 1966 978 2051 Evangelieae,
1003 1967 1039 2030 in
1062 1971 1181 2050 quarto
1212 1966 1297 2033 libro
1325 1971 1375 2036 Do
1441 2027 1446 2042 .

316 2065 476 2132 Doctrina
491 2069 689 2135 Christiana.
737 2069 784 2133 Et
798 2068 845 2133 sic
867 2068 1007 2153 ipsemet
1030 2090 1064 2132 se
1087 2066 1277 2153 praedicasse
1300 2093 1374 2136 con-

315 2167 438 2233 fitetur.
485 2169 553 2236 Hic
574 2171 680 2258 igitur
701 2170 875 2235 invenitur
898 2170 1065 2255 persuasio
1088 2169 1170 2254 legis
1193 2171 1372 2252 credendae,

316 2270 356 2333 de
381 2292 447 2354 qua
469 2272 505 2335 in
529 2279 649 2357 quarta
680 2277 776 2359 parto
806 2271 942 2335 Moralis
976 2271 1195 2358 Philosophiae
1227 2273 1372 2340 disserui.

317 2370 362 2435 Et
383 2371 437 2436 hic
460 2373 613 2439 similiter
634 2375 786 2440 consistit
818 2373 984 2459 persuasio
1016 2373 1097 2459 legis
1123 2375 1195 2460 jam
1230 2378 1370 2455 creditae,

315 2477 354 2537 ut
377 2475 555 2540 secundum
578 2497 651 2541 eam
673 2481 765 2541 recta
792 2475 858 2538 fide
886 2480 921 2539 et
949 2475 1095 2540 moribus
1119 2478 1262 2558 vivatur,
1286 2480 1372 2544 sicut

315 2575 459 2660 expressi
491 2577 528 2642 in
560 2579 678 2663 quinta
712 2582 807 2664 parte
841 2575 928 2640 illius
961 2576 1122 2644 Scientiee.
1171 2582 1237 2647 Sed
1260 2582 1307 2646 ibi
1336 2583 1370 2646 in

314 2676 492 2743 universali
526 2683 561 2744 et
583 2680 709 2744 radices
741 2678 863 2764 tetigi3
896 2678 1010 2743 modos
1044 2703 1121 2745 vero
1156 2683 1370 2768 particulares

313 2779 405 2863 posui
430 2802 489 2866 pro
512 2803 635 2868 magna
657 2786 752 2867 parte
785 2781 825 2844 dc
858 2780 946 2843 facto
978 2781 1014 2843 in
1045 2783 1153 2866 prima
1184 2791 1276 2869 parte
1310 2807 1368 2868 pro

312 2881 389 2946 fidei
411 2883 569 2960 articailis
593 2888 629 2947 et
651 2883 687 2946 in
712 2881 813 2946 tertia
836 2901 895 2966 pro
918 2879 1072 2945 moribus.
1111 2882 1199 2946 Nam
1227 2883 1369 2967 qualiter

311 2983 484 3070 contingat
517 2985 712 3071 persuadere
736 2983 777 3048 dc
801 2980 929 3045 divitiis
952 2981 1097 3044 vitandis
1127 2987 1162 3047 et
1184 2983 1368 3047 virtutibus

311 3087 511 3170 exequendis
525 3086 700 3151 manifeste
715 3083 880 3170 explicavi
896 3104 954 3168 per
969 3082 1070 3146 libros
1085 3083 1216 3149 Senecas
1233 3084 1284 3148 De
1302 3083 1367 3163 Ira,

311 3191 346 3250 et
368 3187 404 3251 in
426 3187 500 3251 aliis
522 3188 666 3273 optimis,
682 3186 719 3251 in
740 3185 861 3271 quibus
879 3184 1097 3249 inveniuntur
1116 3185 1158 3249 ad
1177 3186 1297 3250 vitium
1314 3185 1364 3250 vel

309 3287 469 3353 virtutem
484 3290 576 3354 modi
591 3289 748 3375 speciales
763 3286 984 3374 persuadendi
999 3310 1007 3366 ;
1030 3309 1118 3353 nunc
1137 3310 1196 3376 per
1214 3286 1366 3374 exempla

310 3411 505 3476 magnorum
539 3391 738 3476 sapientum,
774 3411 862 3453 nunc
893 3411 952 3474 per
988 3390 1141 3467 rationes,
1182 3413 1269 3455 nunc
1308 3412 1365 3477 per

309 3493 532 3571 auctoritates,
556 3514 645 3557 nunc
668 3514 727 3577 per
758 3491 993 3556 similitudines
1023 3498 1172 3578 sumptas
1195 3517 1234 3557 ex
1266 3493 1364 3556 rebus

307 3595 515 3659 naturalibus
538 3599 572 3658 et
595 3593 678 3673 aliis,
702 3593 751 3657 ita
774 3593 862 3678 quod
885 3593 994 3656 nullus
1025 3599 1075 3657 est
1104 3595 1152 3657 ita
1174 3595 1304 3678 sapiens
1327 3592 1359 3653 iu

308 3695 369 3760 lroc
392 3696 517 3761 mundo
552 3695 634 3780 quin
666 3694 773 3781 possit
795 3694 909 3758 mirari
933 3695 973 3758 de
996 3699 1093 3758 tanta
1125 3694 1269 3757 efficacia
1292 3713 1362 3777 per-

307 3797 474 3863 suadendi.
522 3797 604 3877 Quae
629 3796 669 3861 de
693 3797 743 3860 ira
766 3796 880 3881 scripsi
902 3796 1000 3880 plana
1023 3801 1110 3872 sunt,
1134 3794 1211 3878 quio
1234 3793 1361 3856 correxi

308 3899 365 3964 illa
403 3904 438 3965 et
469 3900 607 3986 signavi.
676 3880 866 3962 Alia'vero
901 3917 974 3979 quae
1011 3900 1195 3979 sequuntur
1225 3915 1291 3958 non
1313 3894 1362 3958 ita

306 4009 432 4090 patent,
456 4002 537 4088 quia
558 4024 626 4066 non
659 4005 738 4064 sunt
769 4003 914 4064 correcta
948 4017 1007 4060 nec
1040 3996 1171 4080 signata
1184 4019 1192 4075 ;
1227 4000 1361 4082 propter

306 4107 394 4190 quod
432 4105 529 4169 rnodc
569 4104 668 4167 mitto
703 4102 871 4186 exemplar
917 4102 1120 4176 correctum;
1166 4101 1201 4162 et
1238 4096 1360 4182 poterit

304 4213 415 4272 vestra
436 4207 613 4271 beatitudo
635 4205 748 4268 videre
781 4209 850 4267 tarn
883 4200 1031 4286 proprios
1063 4199 1175 4264 modos
1198 4198 1358 4286 arguendi

305 4311 345 4375 de
368 4332 478 4376 amore
500 4308 637 4374 virtutis
669 4305 747 4372 talis
779 4309 814 4370 et
851 4303 937 4378 talis,
970 4301 1024 4366 vel
1048 4301 1087 4366 de
1111 4301 1243 4369 horrore
1278 4302 1356 4368 viti·

336 4655 456 4722 ¹dloinoe]
475 4672 524 4707 om.
538 4656 568 4706 Τ.
819 4652 824 4720 Ι
891 4653 901 4683 ²
904 4668 953 4717 pro
964 4650 1002 4717 re]
1021 4649 1113 4702 om.'1¹.

389 4752 465 4802 VOL.
490 4754 511 4802 1.
1195 4748 1220 4796 U
