3586 5640
452 763 517 827 416
832 774 959 825 nouum
982 773 1129 824 nsoours
1416 756 1506 844 [our.

453 951 616 1017 Averroes
638 950 671 1015 in
704 951 770 1017 fine
796 951 929 1016 secundi
953 950 1169 1037 Physicorum
1182 948 1208 1014 :¹
1251 948 1349 1029 Quod
1386 949 1505 1035 aliquis

452 1058 625 1120 consuetus
663 1054 706 1118 od
739 1054 866 1139 aliquus
900 1053 1103 1139 operationes
1129 1052 1208 1117 licet
1229 1052 1373 1132 nocivus,
1406 1057 1504 1118 erunt

452 1157 483 1222 ei
514 1155 623 1221 faciles
635 1181 643 1235 ;
674 1156 747 1221 ideo
770 1155 875 1222 credit
902 1178 957 1221 ess
983 1177 1051 1220 csse
1081 1154 1189 1220 utiles.
1237 1153 1398 1219 Similiter
1429 1176 1503 1219 cum

452 1263 603 1324 assuetus
651 1258 753 1323 fuerit
798 1258 927 1323 credere
960 1257 1057 1322 falsos
1101 1276 1266 1321 sermones
1303 1279 1324 1321 s
1361 1256 1504 1343 pueritie

451 1361 515 1425 erit
548 1360 606 1424 illu
643 1360 842 1426 cousuetudo
874 1382 972 1425 causo,
1010 1359 1053 1424 ad
1090 1358 1280 1446 negandum
1303 1359 1503 1438 veritatem3

451 1463 536 1528 sicut
567 1461 701 1547 quidem
733 1462 882 1527 consueti
915 1466 995 1526 sunt
1016 1461 1184 1527 comedero
1217 1483 1384 1526 venenum
1416 1461 1504 1547 quod

451 1565 576 1630 factum
617 1568 667 1629 est
707 1564 753 1629 eis
790 1564 890 1629 cibus.
951 1563 1018 1630 Sed
1057 1586 1170 1630 sensus
1213 1564 1305 1650 vulgi
1345 1563 1503 1650 pessimus

451 1671 509 1732 est.
571 1665 659 1731 Nom
696 1687 823 1752 semper
859 1688 880 1730 n
916 1666 1077 1753 principio
1119 1665 1236 1731 mundi
1274 1665 1394 1752 vulgus
1437 1665 1503 1730 fuit

452 1769 596 1835 divisum
633 1791 654 1834 a
691 1791 788 1834 sensu
834 1772 1037 1848 sanctorum,
1074 1772 1110 1834 et
1155 1767 1431 1855 pbilosophorum,
1469 1772 1504 1832 et

286 1883 421 1951 Mycenes
451 1871 652 1957 reliquorum
682 1872 876 1957 sapientum.
928 1870 974 1936 Et
998 1892 1109 1936 omnes
1140 1871 1305 1957 sopientes
1335 1874 1502 1957 contemp-

284 1953 410 2032 nottobq
452 1979 567 2040 serunt
603 1975 675 2038 vius
711 1973 812 2060 vulgi,
852 1995 911 2039 nec
949 1972 1273 2039 communicaverunt
1311 1972 1412 2060 vulgo
1451 1994 1501 2038 or-

285 2032 534 2143 diffissus
567 2077 749 2163 sapientise,
780 2076 858 2161 quia
889 2075 1009 2162 vulgus
1039 2075 1109 2141 haeo
1138 2095 1252 2161 cupere
1282 2095 1350 2139 non
1383 2078 1501 2161 potest,

285 2151 382 2217 '‘¹¹⁸⁸''
451 2180 509 2246 scd
538 2179 674 2260 deridet,
707 2184 744 2243 et
778 2178 972 2244 abuteretur
1002 2177 1039 2242 in
1073 2177 1124 2243 sui
1155 2182 1191 2245 et
1227 2176 1414 2264 sapientum
1437 2177 1502 2242 dis-

451 2281 609 2369 pendium
642 2286 677 2346 et
708 2301 894 2367 gravamen
956 2279 1043 2361 Quia
1080 2301 1147 2345 non
1190 2283 1269 2346 sunt
1316 2281 1503 2366 mergoritse

451 2383 622 2470 sapientise
651 2383 842 2469 spargendae
867 2383 956 2447 inter
984 2403 1107 2469 porcos,
1130 2385 1216 2448 teste
1247 2381 1437 2468 Evangelio,
1468 2387 1503 2447 et

450 2485 591 2551 stultum
626 2489 676 2550 cst
708 2485 800 2549 asino
837 2483 983 2570 praebere
1012 2485 1155 2550 lactucas
1186 2506 1260 2550 cum
1283 2484 1314 2548 ei
1336 2482 1504 2549 sufficiunt

451 2585 572 2662 cardui,
592 2591 636 2660 ut
665 2586 701 2650 in
730 2586 792 2650 hoo
817 2607 914 2651 sensu
944 2586 1058 2652 scribit
1104 2587 1146 2652 A.
1176 2585 1325 2652 Gellius²
1351 2585 1388 2651 in
1417 2585 1502 2650 libro

450 2688 608 2754 Noctium
649 2687 843 2753 Atticorum.
888 2687 979 2753 Nam
1007 2710 1117 2754 rerum
1146 2688 1351 2775 majestatem
1380 2688 1503 2753 minuit

450 2791 509 2878 qui
541 2790 657 2876 vulgat
687 2789 847 2876 mystics;
881 2813 959 2856 nam
989 2813 1057 2856 non
1090 2795 1227 2857 manent
1257 2795 1387 2870 secretu
1423 2811 1504 2876 quo·

450 2916 524 2960 rum
557 2893 657 2959 turbu
689 2893 730 2957 fit
763 2891 901 2973 conscia,
924 2898 964 2958 ut
997 2893 1034 2958 in
1065 2893 1149 2959 libro
1174 2893 1308 2980 Lapidis
1341 2894 1502 2959 edocetur.

452 2996 591 3083 Propter
613 2995 700 3082 quod
722 2995 804 3060 dicit
826 2995 1023 3060 Aristoteles
1046 2997 1132 3081 quod
1155 3002 1240 3062 esset
1262 2995 1383 3061 fractor
1404 2996 1503 3083 sigilli

451 3099 590 3164 coelestis
620 3098 649 3164 si
680 3098 833 3184 vulgaret
855 3103 980 3163 secrete
1009 3098 1189 3185 sapientiae,
1212 3103 1253 3163 ut
1286 3099 1440 3164 scribitur
1466 3101 1502 3163 in

452 3200 570 3265 Codice
594 3190 815 3265 Secretorums
863 3199 908 3264 Et
930 3200 1007 3264 licet
1030 3201 1100 3266 haec
1123 3201 1172 3265 ite
1193 3200 1271 3280 sint,
1301 3205 1413 3265 tomen
1443 3222 1502 3265 nos

450 3323 576 3386 semper
602 3302 809 3386 implicamur
838 3302 890 3365 his
913 3301 1030 3381 tribus,
1061 3308 1096 3368 et
1122 3303 1158 3366 in
1188 3324 1318 3367 omnem
1344 3303 1502 3368 defensio·

450 3424 525 3468 nem
564 3403 681 3467 erroris
715 3403 819 3467 nostri
851 3403 978 3468 utimur
1000 3404 1051 3468 his
1085 3404 1192 3468 tribus
1225 3405 1374 3490 pessimis
1406 3427 1502 3491 orgu-

450 3505 590 3583 mentis;
613 3504 774 3581 videlicet,
791 3503 852 3570 hoc
874 3506 1150 3592 exemplificatum
1173 3513 1231 3586 est,
1255 3506 1315 3572 hoc
1330 3507 1503 3593 vulgatum

450 3613 509 3687 cst,
543 3606 604 3672 hoc
642 3612 833 3671 consuetum
870 3611 928 3685 est,
936 3608 1079 3693 —igitur
1115 3609 1296 3674 tenendum
1331 3615 1389 3687 est,
1429 3631 1501 3675 oum

449 3715 562 3776 tomen
584 3709 769 3796 oppositum
792 3709 982 3793 quaestionis
1004 3711 1153 3795 sequitur
1174 3733 1214 3775 ex
1237 3711 1420 3796 praemissis.

283 3820 424 3872 Themead
496 3811 671 3876 Effluerem
693 3811 908 3875 libentissime
931 3811 1016 3876 circa
1045 3813 1110 3877 istc
1134 3812 1198 3877 tria
1220 3814 1408 3899 pervarias
1431 3835 1502 3878 sen-

282 3888 422 4005 {pappus
452 3915 574 3980 tentius
608 3919 795 3980 sanctorum
817 3918 851 3979 et
880 3913 1065 4000 sapientum
1095 3915 1267 4000 theologice
1298 3920 1333 3980 et
1362 3916 1502 4002 philoso-

283 3969 394 4071 nitide
451 4015 538 4103 phiae
561 4017 590 4081 si
612 4021 742 4102 tempus
774 4021 878 4095 esset3
910 4016 967 4080 sed
989 4021 1123 4102 cogente
1150 4016 1315 4081 brevitate
1345 4019 1501 4103 temporis

283 4093 398 4202 ffifff
451 4118 642 4204 compendio
665 4124 827 4184 tractatus
849 4119 1029 4204 praesentis,
1060 4124 1190 4205 oportet
1221 4118 1272 4182 bic
1295 4119 1338 4182 sd
1360 4141 1502 4205 praesens

282 4218 377 4335 {ff
451 4219 626 4298 θῑὼθῑᾱθῖθ»
652 4220 730 4305 quia
752 4221 870 4286 melius
900 4224 951 4286 est
972 4220 1070 4285 modo
1093 4220 1215 4286 multos
1238 4220 1392 4286 articulos
1414 4222 1500 4307 sapi.

486 4532 493 4562 ¹
505 4530 675 4598 myrreorum]
689 4533 706 4583 t
719 4539 759 4592 30,
768 4535 792 4583 b.
830 4534 887 4585 The
895 4535 1028 4585 substance
1040 4534 1137 4586 nottho
1149 4536 1230 4585 words
1242 4534 1272 4583 os
1279 4534 1321 4584 the
1329 4532 1464 4599 quotation.

483 4611 537 4660 Ἀ.
553 4608 661 4678 Gellius]
675 4611 710 4663 iii.
725 4618 762 4662 16.
776 4615 788 4664 2
