3586 5640
307 803 353 890 u]
639 818 869 872 courrumuu
892 817 1018 871 arnan.
1289 798 1356 872 427

304 996 516 1082 temporibus,
539 1000 579 1062 ut
600 996 691 1082 prius
715 995 940 1082 persingulas
966 993 1193 1062 discurrebam.
1229 993 1357 1061 Deinde

304 1097 411 1164 multe
442 1101 521 1162 sunt
555 1097 672 1175 facilia,
709 1103 888 1184 quaesunt
915 1096 957 1162 de
990 1097 1135 1164 humana
1169 1096 1282 1174 salute,
1317 1101 1358 1162 ut

304 1199 525 1287 apprehensus
548 1200 714 1268 virtutum
748 1205 782 1265 et
812 1200 981 1281 vitiorum,
1013 1200 1119 1286 gloria
1149 1198 1291 1265 eoelestis
1322 1201 1358 1266 et

304 1323 404 1388 poena
436 1302 618 1389 purgatorii
652 1308 687 1371 et
717 1302 909 1384 infernalis;
935 1302 1120 1388 dequibus
1152 1324 1220 1368 non
1252 1300 1358 1366 solum

305 1405 456 1491 religiosi,
490 1410 529 1471 ut
560 1405 715 1492 theologi,
742 1405 800 1473 sed
839 1427 952 1472 ornnes
989 1404 1107 1482 clerici,
1139 1409 1174 1470 et
1211 1403 1295 1480 laici,
1324 1408 1359 1469 et

305 1507 427 1572 vetulae
450 1509 559 1574 sciunt
582 1509 695 1575 multa.
754 1507 904 1588 Quilibet
936 1507 1025 1574 enim
1059 1506 1158 1573 homo
1189 1504 1291 1573 habet
1321 1504 1358 1570 in

306 1609 402 1675 corde
440 1632 499 1675 suo
521 1632 626 1677 unum
653 1633 811 1698 magnum
834 1611 958 1677 librum
986 1609 1144 1676 devitiis
1167 1631 1241 1695 quae
1272 1630 1358 1677 com-

305 1712 412 1778 mittit
441 1736 462 1779 a
488 1712 675 1799 juventute,
711 1719 746 1779 et
780 1735 854 1799 quae
887 1713 982 1779 videt
1012 1713 1049 1779 in
1082 1712 1155 1780 aliis
1186 1712 1266 1778 fieri.
1312 1709 1359 1779 Et

306 1815 460 1881 similiter
496 1839 556 1902 per
593 1817 795 1883 eontrarium
832 1817 974 1903 percipit
1018 1815 1160 1902 quilibet
1204 1836 1359 1902 magnam

306 1919 460 1984 notitiam
483 1920 656 1996 virtutum,
680 1919 759 2005 quia
780 1920 895 1986 eadam
927 1924 979 1985 est
1012 1919 1150 1985 scientia
1182 1917 1361 1986 contrario-

306 2043 388 2098 rum,
412 2027 453 2087 ut
485 2020 685 2088 Aristoteles
717 2021 804 2088 dicit
851 2022 915 2087 Per
936 2025 1065 2088 rectum
1098 2021 1187 2087 euim
1212 2020 1360 2089 noscitur

307 2124 487 2208 obliquum,
511 2130 546 2190 et
578 2146 776 2211 personum
799 2146 934 2210 aegrum,
958 2129 992 2191 et
1014 2146 1072 2210 per
1093 2145 1209 2191 verum
1232 2123 1357 2202 falsum,

306 2231 340 2290 et
374 2248 432 2312 per
459 2227 583 2291 bonum
614 2226 747 2306 malum,
782 2228 862 2313 quia
893 2227 1096 2313 privationes
1133 2248 1192 2313 per
1225 2226 1359 2292 habitus

305 2334 566 2412 cognoscuntur3
600 2329 649 2394 ita
671 2330 760 2415 quod
791 2329 906 2396 rustici
940 2334 974 2397 et
996 2331 1117 2397 vetulae
1150 2351 1218 2395 non
1251 2329 1358 2396 solum

306 2431 396 2516 apud
435 2431 639 2497 Christianos
680 2431 738 2497 sed
775 2432 962 2511 Saracenos,
1001 2437 1037 2498 et
1073 2433 1155 2498 alios
1199 2432 1356 2511 infideles,

306 2533 415 2599 sciunt
437 2535 629 2621 persuadere
655 2534 696 2602 de
718 2535 900 2601 virtutibus
922 2540 958 2603 et
979 2535 1079 2615 vitiis,
1104 2557 1203 2622 poena
1225 2541 1261 2602 et
1290 2535 1358 2622 glo·

306 2636 363 2703 ria
410 2637 456 2702 Et
487 2644 621 2724 propter
645 2637 917 2704 consuetudinem
944 2639 1168 2706 ecclesiastiea
1198 2637 1357 2704 doetrinre

306 2761 418 2805 omnes
457 2739 640 2807 Christiani
684 2740 810 2806 habent
849 2763 1005 2828 magnam
1050 2740 1271 2827 cognitionem
1316 2739 1357 2805 ds

305 2842 357 2907 his
391 2864 464 2928 quae
495 2845 666 2929 pertinent
690 2843 732 2908 ad
755 2844 903 2909 salutem.
951 2843 997 2907 Et
1027 2865 1096 2906 non
1124 2848 1174 2909 est
1200 2863 1356 2928 magnum
1368 2853 1513 2921 Preaching

306 2944 378 3010 istis
406 2946 577 3012 ordinibus
611 2945 822 3011 studentibus
844 2944 935 3029 loqui
968 2943 1089 3030 populo
1111 2944 1152 3011 de
1174 2944 1356 3009 virtutibus
1369 2919 1496 3052 fflssg·

306 3054 341 3112 et
371 3048 474 3127 vitiis,
497 3071 596 3134 poena
632 3053 667 3112 et
704 3046 828 3132 gloria;
860 3046 1024 3133 praecipue
1062 3067 1136 3111 eum
1173 3045 1210 3110 in
1248 3045 1358 3111 Textu

308 3149 407 3215 Sacro
453 3151 560 3215 multa
597 3155 677 3216 sunt
711 3149 759 3213 ibi
788 3148 980 3234 planissima
1013 3149 1103 3213 omni
1140 3147 1267 3214 homini
1301 3147 1359 3234 qui

306 3251 420 3316 literas
442 3253 547 3330 novit,
572 3258 606 3317 et
640 3253 675 3316 in
708 3250 802 3316 libris
824 3257 1011 3319 sanctorum
1050 3251 1185 3331 studet3
1222 3273 1265 3317 ex
1288 3251 1360 3338 qui·

307 3353 369 3418 bus
391 3355 584 3419 facillimum
606 3359 656 3419 est
687 3354 798 3420 idiotis
833 3355 934 3420 etiam
968 3354 1109 3443 allegare
1147 3355 1360 3423 auctoritates

307 3461 423 3521 contra
452 3457 538 3522 vitia
575 3462 610 3522 et
647 3478 789 3543 poenam,
821 3463 855 3524 et
891 3479 952 3544 pro
989 3458 1178 3539 virtutibus,
1217 3465 1252 3525 et
1289 3459 1359 3546 glo·

307 3560 365 3637 ria,
400 3564 435 3624 ot
472 3559 546 3624 aliis
583 3559 771 3626 necessariis
804 3561 847 3625 arl
881 3561 1029 3627 salutem
1087 3561 1252 3628 (laetorum
1290 3563 1361 3628 lunc

308 3668 387 3728 sunt
424 3663 465 3728 de
503 3662 719 3730 ecclesiastico
758 3661 888 3743 officio;
932 3664 1143 3751 praelatorum
1182 3665 1271 3730 enim
1308 3671 1360 3732 est

307 3788 470 3853 exponere
507 3766 628 3854 populo
665 3767 821 3834 articulos
853 3766 932 3833 fidei
962 3773 996 3833 et
1033 3790 1186 3849 morum;
1230 3774 1265 3834 et
1303 3767 1361 3833 ho·

307 3893 381 3935 rum
419 3869 573 3935 notitiam
611 3869 712 3936 habet
738 3869 872 3937 eeclesia
916 3869 988 3936 sine
1024 3870 1136 3936 studio
1173 3869 1358 3956 theologiae,
1462 3863 1466 3871 ’

307 3978 342 4038 et
379 3972 497 4038 habuit
534 3996 555 4038 a
591 3972 753 4059 principio
798 3995 857 4059 per
894 3972 1078 4038 doctrinam
1116 3971 1359 4059 Apostolorum

308 4076 379 4142 Nec
424 4076 550 4142 habent
594 4075 739 4163 theologi
786 4074 1002 4141 auctoritates
1050 4074 1252 4162 praedicendi
1295 4073 1360 4139 nisi

308 4179 432 4245 dentur
470 4179 516 4244 eis
554 4199 575 4242 a
611 4177 777 4264 praelatis3
820 4182 856 4243 et
886 4177 961 4244 ideo
999 4199 1081 4265 opus
1118 4176 1361 4265 predicationis

306 4304 373 4348 non
406 4287 457 4349 est
495 4280 638 4348 officium
675 4281 912 4368 theologorum,
948 4282 1006 4349 scd
1043 4281 1263 4369 praelatorum,
1302 4281 1360 4367 qui

308 4385 520 4450 committunt
563 4384 646 4449 illud
691 4383 833 4450 officium
879 4382 998 4469 quibus
1048 4385 1164 4471 placet.
1232 4383 1361 4450 Scimus

308 4488 408 4552 etiam
430 4510 490 4577 pro
513 4493 602 4553 certo
625 4492 659 4552 et
681 4487 832 4552 videmus
855 4487 987 4574 ubique,
1008 4488 1097 4575 quod
1119 4510 1204 4553 unus
1220 4487 1361 4574 simplex

310 4590 420 4667 frater,
456 4589 514 4675 qui
545 4611 715 4675 nunquam
749 4589 880 4655 audivit
913 4596 1046 4656 centum
1079 4590 1235 4656 lectiones
1268 4590 1361 4655 theo·

309 4691 416 4781 logiae,
441 4713 521 4779 quas
544 4693 573 4757 si
597 4691 727 4759 audivit
748 4713 817 4758 non
849 4697 962 4763 tamen
992 4693 1131 4776 ornavit,
1155 4692 1213 4779 qui
1245 4691 1361 4758 melius
