3586 5640
739 809 826 859 oens
848 810 965 861 sarnus
1314 802 1380 870 353

325 978 451 1067 Spiritu
490 982 611 1048 Sancto
646 981 768 1047 dicitur
804 983 892 1066 quod
930 988 980 1048 est
1017 983 1136 1068 pignus
1173 983 1377 1052 haereditatis

326 1089 465 1162 nostrae;
496 1084 565 1149 loco
589 1085 734 1171 pignoris
761 1083 915 1149 scribitur
940 1084 1099 1161 arrabon,
1127 1086 1212 1151 sieut
1237 1088 1376 1171 quilibet

322 1184 380 1268 qui
409 1184 523 1250 literas
550 1184 679 1251 Graecas
705 1186 801 1251 novit
823 1190 931 1271 potest
954 1184 1074 1251 videre.
1122 1186 1168 1251 Et
1190 1187 1264 1252 ideo
1287 1212 1374 1254 arra-

212 1322 220 1334 ·
322 1285 389 1350 bon
411 1307 478 1352 non
501 1292 551 1352 est
573 1309 655 1353 arra.

366 1387 417 1453 De
439 1389 638 1454 animalibus
660 1389 836 1476 prohibitis
859 1390 895 1453 in
917 1389 1012 1476 Lege,
1034 1391 1135 1455 etiam
1158 1397 1295 1477 possunt
1318 1415 1374 1457 ex·
1388 1406 1529 1471 Igrroranee

320 1489 428 1576 empla
457 1492 557 1576 poni;
587 1513 664 1554 nam
699 1491 947 1556 Deuteronomii
978 1491 1103 1556 decimo
1139 1497 1257 1576 quarto
1290 1493 1372 1582 [lt]
1387 1474 1528 1609 gilsssssglffl

320 1598 530 1657 enumeratur
556 1593 733 1679 porphyrio
765 1594 854 1658 inter
890 1614 968 1658 aves
1006 1594 1201 1674 immundae,
1228 1600 1262 1660 et
1292 1596 1374 1662 dicit
1484 1582 1490 1596 ⁰

320 1692 441 1757 ibidem
461 1695 568 1780 glossa
588 1695 676 1779 quod
696 1700 747 1759 est
761 1694 948 1780 pelicanus;
971 1699 1005 1759 et
1020 1696 1154 1780 insuper
1174 1695 1269 1761 addit
1285 1699 1373 1782 quod

319 1793 539 1882 Septuaginta
561 1797 755 1882 interpretes
778 1796 813 1859 in
830 1796 944 1860 Gracco
966 1795 1090 1861 habent
1110 1796 1293 1882 pelicanum
1313 1800 1372 1864 ubi

319 1917 378 1959 nos
398 1897 555 1963 hahemus
575 1898 834 1984 porphyrionem.
882 1896 947 1961 Sed
969 1902 1147 1982 utrumque
1170 1904 1220 1963 eet
1243 1899 1369 1966 falsum.

318 1997 404 2062 Nam
429 2021 534 2085 neque
556 2000 723 2086 pelicanus
746 2005 797 2064 est
816 1999 1003 2084 porphyrio,
1025 2021 1129 2084 neque
1150 1999 1370 2087 Septuaginta

316 2099 513 2186 interpretes
541 2101 665 2165 habent
697 2101 742 2165 sic
773 2100 809 2162 in
848 2100 970 2178 Graece,
1010 2122 1111 2185 quum
1150 2101 1369 2188 Septuaginta

315 2200 440 2267 habent
467 2208 640 2287 utramque
674 2223 777 2278 avem,
806 2201 929 2265 scilicet
959 2201 1142 2287 pelicanum
1168 2210 1202 2268 et
1226 2206 1366 2291 porphy-

316 2303 458 2382 rionem3
480 2309 514 2368 et
534 2304 607 2368 ideo
626 2325 700 2368 curn
719 2308 952 2367 enumerentur
972 2303 1045 2368 istae
1067 2324 1144 2368 aves
1164 2305 1366 2371 adinvicem

315 2410 415 2470 erunt
444 2405 591 2485 diversae,
616 2406 702 2470 sicut
733 2412 858 2470 caeterae
888 2403 1079 2491 conjugatae.
1136 2406 1264 2472 Deinde
1293 2432 1365 2473 curn

315 2513 427 2572 nostra
448 2507 623 2573 translatio
645 2507 767 2572 habeat
793 2506 1014 2571 onocrotalum
1043 2511 1078 2571 et
1101 2507 1365 2594 porphyrionem,

314 2615 383 2673 tam
405 2611 441 2674 iu
457 2610 712 2675 Deuteronomio
733 2630 831 2694 quarn
851 2608 886 2671 in
904 2607 1044 2673 Levitici
1064 2610 1225 2691 secundo;
1248 2617 1283 2676 ct
1306 2612 1366 2677 hoc

314 2712 450 2777 verbum
475 2712 640 2799 pelicanus
666 2710 800 2776 nonsit
824 2710 858 2773 in
883 2709 968 2796 Lege
991 2710 1078 2796 apud
1101 2734 1168 2790 nos,
1185 2717 1265 2777 tunc
1288 2736 1364 2778 ona-

313 2814 455 2879 crotalus
484 2820 518 2879 et
544 2814 711 2900 pelicanus
738 2817 816 2878 sunt
840 2811 936 2889 idem,
959 2811 1016 2876 sed
1043 2812 1207 2897 pelicanus
1233 2821 1268 2878 ct
1293 2838 1365 2899 por-

313 2914 430 3000 phyrio
454 2923 532 2981 sunt
559 2917 697 2981 diversae
709 2940 717 2993 ;
748 2920 826 2977 sunt
851 2917 962 2977 autom
987 2913 1076 2975 idem
1101 2915 1307 2978 onocrotalus
1333 2922 1367 2980 et

313 3019 486 3103 pelicanus,
508 3024 568 3083 aut
589 3017 742 3081 deficeret
764 3014 859 3077 nobis
882 3035 949 3076 una
972 3014 1013 3076 de
1036 3012 1154 3076 avibus
1176 3015 1364 3092 immundis,

312 3120 400 3203 quod
430 3142 497 3185 non
521 3123 630 3206 potest
660 3117 746 3196 diei,
778 3122 812 3180 et
841 3114 877 3177 in
907 3115 968 3178 hoc
991 3115 1154 3178 consentit
1180 3114 1306 3201 Papias,
1331 3124 1365 3183 et

312 3223 501 3286 verificatur
532 3242 589 3305 per
615 3218 802 3282 Hebraeum.
855 3215 1063 3300 Quapropter
1093 3215 1150 3279 illa
1176 3217 1284 3302 glossa
1314 3225 1364 3284 est

310 3322 393 3386 falsa
404 3346 412 3401 ;
432 3322 489 3385 sed
509 3322 586 3405 quia
607 3341 674 3384 non
694 3323 744 3382 est
759 3315 897 3401 alicujus
920 3315 1034 3396 sancti,
1052 3317 1108 3380 sed
1123 3319 1362 3405 magisterialis,

310 3445 377 3487 non
401 3428 450 3487 est
477 3422 597 3484 mirum
619 3421 647 3483 si
670 3420 752 3482 falsa
774 3423 833 3496 est,
858 3418 935 3502 quia
958 3418 1072 3482 multe
1095 3426 1172 3485 sunt
1197 3423 1280 3487 tales
1292 3447 1300 3501 ;
1328 3430 1362 3487 et

310 3526 384 3589 ideo
408 3523 465 3609 qui
486 3526 658 3609 exponunt
672 3518 851 3584 secundnm
871 3519 1011 3606 glossam
1034 3529 1154 3587 errant,
1201 3523 1363 3589 Similiter

310 3650 368 3714 per
401 3627 515 3691 eadem
546 3624 616 3687 loca
643 3622 760 3687 Bibliae
788 3621 945 3708 probatur
975 3623 1064 3706 quod
1094 3625 1286 3708 nycticorax
1317 3629 1362 3690 sit

309 3730 405 3808 hubo,
429 3735 463 3794 et
488 3748 554 3791 non
577 3725 665 3811 quod
688 3725 775 3789 idem
799 3729 877 3788 sunt
898 3728 1019 3788 noctua
1042 3729 1076 3789 et
1100 3727 1300 3810 nycticorax,
1322 3735 1361 3790 nt

308 3836 481 3916 exponunt
493 3855 501 3911 ;
525 3850 602 3893 nam
626 3827 662 3891 in
687 3825 944 3890 Deuteronomio
966 3828 1088 3889 noctua
1110 3831 1144 3890 et
1166 3828 1359 3910 nycticorax

306 3940 475 4020 ponuntur
512 3953 571 4019 pro
609 3929 747 3994 disemis
784 3927 924 4004 avibus3
962 3931 997 3991 et
1034 3926 1068 3990 in
1108 3927 1255 3992 Levitico
1292 3951 1359 3992 non

307 4037 441 4121 ponitur
463 4033 660 4120 nycticorax,
686 4031 743 4095 sed
766 4028 856 4093 bubo
879 4028 951 4093 loco
977 4026 1055 4113 ejus.
1102 4028 1190 4114 Ergo
1214 4029 1359 4114 nyctico-

306 4159 366 4201 rax
390 4143 440 4202 est
461 4136 558 4214 bubo,
585 4141 620 4200 et
643 4156 710 4198 non
732 4138 871 4211 noctua;
894 4135 928 4195 et
950 4128 1011 4194 hoc
1033 4152 1091 4215 per
1112 4130 1263 4195 Graecum
1286 4153 1359 4217 pro-

305 4240 411 4318 hatur,
438 4261 515 4302 nam
538 4241 679 4321 utroque
701 4235 771 4300 loco
798 4233 933 4320 ponitur
957 4232 993 4295 in
1017 4230 1130 4296 Graeco
1157 4233 1357 4317 nycticorax,

304 4342 362 4405 ubi
389 4341 488 4404 semel
511 4338 599 4425 apud
620 4360 680 4403 nos
706 4337 896 4422 nycticorax
920 4334 1063 4420 ponitur,
1089 4339 1123 4399 et
1149 4334 1230 4399 alias
1260 4335 1356 4401 bub0.

304 4443 465 4507 Similiter
480 4441 661 4506 Hebraeum
684 4439 745 4504 hoc
767 4439 855 4502 idem
877 4436 1089 4514 demonstrat,
1105 4441 1139 4500 et
1154 4437 1190 4500 in
1205 4437 1256 4502 his
1278 4438 1357 4502 locis

303 4544 445 4608 habetur
467 4542 557 4607 aliud
580 4541 668 4627 quod
691 4541 789 4605 debet
811 4530 920 4603 vocari
951 4543 986 4602 et
1016 4538 1114 4603 scribi
1142 4539 1355 4625 chirogrillus,

303 4645 390 4733 quod
415 4651 466 4710 est
489 4645 524 4709 in
551 4644 693 4710 veritate
717 4641 905 4720 cuniculus3
931 4639 989 4704 sed
1012 4638 1174 4707 Hebraeus
1198 4640 1279 4705 dicit
1303 4663 1357 4704 aa·

390 4763 464 4812 VOL.
489 4763 510 4811 1.
1202 4758 1221 4805 Z
