3586 5640
454 822 518 885 102
833 832 962 885 uoorur
984 832 1131 883 oroorrs
1386 830 1388 834 “
1416 817 1502 903 [our.

452 1011 497 1075 Et
527 1015 640 1075 tumen
669 1031 736 1075 non
766 1010 876 1076 indico
911 1007 1138 1096 probationem
1168 1029 1210 1073 ex
1240 1007 1429 1096 Augustino
1461 1006 1504 1072 de

452 1111 609 1178 secundo
626 1118 661 1177 et
704 1113 804 1177 tertio
844 1113 931 1178 libro
976 1112 1145 1177 Doctrinae
1177 1109 1384 1190 Christianae,
1428 1129 1502 1174 cum

452 1220 564 1280 tamen
586 1215 656 1300 ipse
688 1215 753 1280 istu
775 1220 895 1281 tractet
928 1214 1150 1302 grammatice,
1175 1219 1215 1278 ut
1238 1217 1330 1301 patet
1353 1235 1395 1279 ex
1421 1211 1504 1278 oeric

452 1318 503 1383 eui
526 1321 697 1382 tractatus.

834 1611 914 1679 Otr.
942 1612 1108 1679 XXVIII.

284 1796 434 1855 Thefourth
500 1791 785 1862 PuocunuNDUM¹
817 1798 869 1858 eet
896 1794 938 1859 ud
960 1793 1198 1881 expositionem
1229 1797 1357 1879 quartae
1379 1793 1505 1880 purtis⁹

282 1869 407 2067 ἔξω
456 1919 530 2068 qllae
552 1901 603 2016 eet
626 1897 666 1962 de
688 1895 936 2068 mahometo?
954 1895 1505 2067 potlsmixissotiffialinffiffl

368 2041 376 2064 ‚
558 2024 620 2066 rim
714 2023 731 2066 r
928 2025 938 2066 1
1068 2023 1100 2066 m
1240 2023 1261 2066 a
1283 2023 1305 2066 u
1480 2045 1505 2079 t,

283 2070 412 2200 m
454 2022 511 2192 ‹elsui
535 2022 769 2172 1lrouahlrllent
799 2023 1149 2191 lllllrnmaelhlologiae,
1180 2124 1242 2170 nec
1261 2022 1503 2191 pphilosophice,

284 2205 334 2254 and
346 2204 421 2270 ¹⁰81ss
452 2207 518 2274 nisi
540 2231 561 2273 a
582 2208 706 2294 linguis
728 2207 866 2289 olienis;
889 2213 924 2274 et
946 2208 1021 2274 ideo
1036 2207 1142 2273 omnis
1162 2207 1261 2274 homo
1276 2205 1410 2274 deberet
1424 2207 1505 2272 scire

454 2309 592 2397 linguae,
616 2315 651 2374 ot
673 2309 805 2394 indiget
833 2309 945 2375 studio
968 2314 1004 2374 et
1028 2309 1178 2376 doctrina
1199 2310 1326 2390 horum,
1349 2331 1388 2376 eo
1417 2309 1505 2395 quod

454 2432 521 2476 non
550 2415 660 2497 potest
691 2431 730 2476 ea
760 2431 950 2497 cognoscere
983 2412 1190 2492 naturaliter,
1221 2413 1300 2498 quio
1337 2413 1425 2478 fiunt
1463 2412 1506 2477 ad

452 2512 610 2600 placitum
644 2512 796 2590 hominis,
832 2517 866 2577 et
899 2512 1073 2577 variantur
1115 2514 1292 2579 secundum
1335 2514 1506 2579 homiuum

452 2614 669 2682 voluntatem.
717 2613 873 2699 cognitio
896 2612 985 2679 euim
1007 2614 1168 2679 naturalis
1199 2620 1251 2681 eet
1280 2620 1359 2680 ante
1390 2617 1505 2682 inven-

452 2718 577 2784 tionem
600 2721 634 2783 et
656 2716 865 2796 doctrinam
892 2718 927 2780 et
947 2716 1036 2801 quod
1058 2716 1166 2802 primo
1188 2716 1346 2782 habemus
1364 2738 1424 2803 per
1439 2715 1506 2783 eus³

453 2825 505 2888 est
533 2820 657 2887 notitia
686 2819 809 2905 linguae
839 2818 985 2905 alicujus,
1010 2840 1111 2905 quum
1134 2819 1333 2904 acquirimus
1363 2839 1405 2884 ex
1431 2819 1504 2885 doc·

452 2923 550 2990 trinu
581 2922 647 2989 Sed
662 2921 760 3008 primi
775 2925 924 3000 auctores
942 2919 1131 3008 linguarum
1150 2942 1205 2988 eus
1219 2921 1435 3002 invenerunt,
1451 2920 1505 2987 vel

453 3049 474 3092 a
504 3026 578 3093 Deo
606 3024 794 3089 habuerunt
828 3024 865 3088 in
903 3022 1067 3090 divisione
1103 3024 1301 3112 linguarum,
1328 3045 1404 3090 oum
1429 3045 1505 3090 cou-

453 3133 581 3195 structa
607 3132 657 3193 eet
681 3126 795 3192 lunis
813 3125 917 3192 Bubel
938 3131 1013 3213 post
1028 3124 1211 3194 Diluvium.
1257 3127 1409 3194 Secundo
1427 3149 1506 3192 vero
1553 3194 1557 3202 ,

453 3236 551 3319 portu
587 3228 786 3317 principaliu
822 3250 897 3315 quae
942 3229 1037 3295 nobis
1074 3229 1186 3297 deficit
1214 3229 1420 3308 naturaliter,
1456 3233 1507 3296 cst

284 3345 424 3414 Iogieanu
453 3333 574 3400 notitia
589 3331 841 3398 mathematicae.
894 3331 945 3398 De
965 3333 1070 3420 logico
1084 3334 1172 3400 enim
1187 3355 1255 3400 nou
1270 3338 1322 3400 est
1336 3333 1388 3399 vis
1402 3337 1507 3410 tanta,

285 3430 412 3534 {32¹³
454 3437 534 3523 quio
569 3435 687 3500 scimus
717 3456 789 3499 eom
818 3456 877 3520 per
906 3439 1071 3516 naturum,
1101 3436 1179 3503 licet
1204 3437 1365 3503 vocabulo
1393 3436 1507 3523 logicae

373 3521 378 3533 ⁸
453 3541 489 3606 in
511 3540 634 3625 lingua,
663 3559 729 3623 quu
756 3538 892 3618 utimur,
919 3540 1096 3624 quaerimue
1122 3562 1181 3626 per
1206 3541 1395 3607 doctrinam
1442 3539 1507 3606 Sed

454 3645 558 3731 ipsam
574 3641 744 3706 scientium
766 3639 891 3706 habent
910 3662 1022 3707 omnes
1042 3641 1191 3708 homines
1205 3665 1247 3708 ex
1261 3649 1390 3722 nutura,
1406 3641 1510 3710 sicut*

454 3747 549 3813 docet
573 3748 688 3810 auctor
711 3742 931 3830 Perspectivae
960 3744 997 3808 in
1021 3744 1164 3811 secundo
1193 3745 1288 3826 libro,
1313 3750 1348 3811 et
1371 3746 1507 3811 Boetius

456 3848 519 3914 hoo
556 3848 651 3913 docet
682 3847 718 3911 in
738 3847 846 3932 primo
871 3845 957 3912 libro
984 3869 1083 3934 super
1112 3847 1233 3935 Topica
1264 3847 1311 3912 M.
1343 3847 1451 3924 Tullii,
1473 3852 1507 3911 et

456 3949 592 4014 inferius
618 3951 655 4014 in
692 3949 806 4014 eodem
837 3950 1079 4015 commentario.
1125 3949 1171 4015 Et
1200 3947 1398 4016 Aristoteles
1428 3948 1508 4011 dicit

456 4051 546 4139 quod
560 4051 673 4117 idiotae
689 4050 896 4138 syllogizant
941 4052 975 4117 N
976 4074 1031 4118 um
1045 4059 1160 4119 auctor
1175 4051 1393 4138 Perspeotivae
1414 4050 1508 4136 pouit

456 4153 644 4240 exemplum
669 4153 710 4218 de
730 4176 841 4240 puero,
862 4155 921 4243 qui
944 4176 1020 4220 cum
1045 4155 1077 4220 ei
1103 4154 1287 4221 offeruntur
1316 4153 1381 4219 duo
1401 4174 1506 4239 poma,

456 4276 597 4345 quorum
617 4277 722 4320 uuum
745 4261 796 4322 est
811 4255 978 4344 pulchrius
1000 4257 1116 4339 altero,
1132 4257 1202 4345 ipse
1218 4255 1313 4343 eligit
1331 4255 1506 4344 pulchrius,

490 4581 496 4612 '
512 4580 700 4649 Praeconium]
719 4585 893 4645 accedendum,
906 4585 936 4636 T.
1045 4588 1055 4618 ⁸
1061 4604 1108 4654 per
1119 4585 1174 4654 eos]
1194 4601 1242 4639 ont
1261 4585 1292 4637 '1¹4

488 4663 602 4728 *quarto
627 4664 725 4730 portis]
766 4664 835 4729 Opus
866 4666 958 4730 Mujuo,

456 4757 479 4808 u.
493 4747 523 4794 tr
1043 4741 1145 4809 *clem
1165 4749 1202 4800 ut,
1217 4738 1247 4794 Τ.
