3586 5640
824 745 952 797 nouam
975 745 1128 797 nicoma
1420 729 1507 820 [cir.

884 1040 993 1146 'cri
1011 1079 1052 1146 n

285 1237 432 1288 Mum
498 1240 621 1308 Rsnro
656 1242 760 1329 igitur
796 1244 839 1309 ad
868 1244 1080 1331 propositum,
1111 1243 1235 1310 scilicet
1272 1244 1315 1309 ad
1352 1249 1504 1330 quartam

285 1305 429 1452 islam?
451 1365 590 1424 causam,
629 1366 774 1410 asserens
811 1346 899 1431 quod
935 1347 1152 1412 necessarium
1186 1352 1237 1412 est
1274 1351 1313 1411 ut
1348 1346 1506 1433 scriptum

284 1437 396 1555 ”wlf
380 1446 688 1569 typraeambulum
710 1447 811 1524 fiat,
802 1470 839 1511 m
865 1469 930 1533 quo
953 1449 1146 1514 ostendatur
1168 1446 1343 1514 difficultas
1365 1449 1506 1514 faciendi

284 1519 371 1622 osma
360 1510 438 1622 imo.
451 1547 628 1635 scripturas
649 1547 886 1634 principalesst
876 1571 977 1615 rmmo
999 1551 1088 1636 quod
1109 1548 1308 1636 impossibile
1338 1556 1389 1616 est
1418 1551 1506 1636 quod

284 1638 392 1756 mle?
450 1649 569 1735 aliquis
599 1650 640 1715 de
672 1650 732 1727 his,
759 1651 817 1737 qui
850 1652 947 1716 modo
973 1652 1102 1732 vivrmt
1129 1652 1217 1717 solus
1254 1651 1324 1717 haec
1360 1657 1506 1739 peragat,

451 1757 740 1838 quantumcunque
759 1751 909 1818 habeat'
899 1774 935 1816 m
956 1752 1114 1838 expensis,
1129 1774 1190 1818 nec
1212 1774 1324 1817 omnes
1342 1754 1505 1840 sapientes

451 1851 576 1933 mundi,
599 1853 663 1918 nisi
694 1873 852 1940 expensas
882 1853 1026 1920 habeant
1056 1875 1116 1941 pro
1143 1875 1203 1919 sua
1232 1853 1413 1919 voluntate
1459 1855 1505 1919 Et
1552 1874 1553 1877 ¹

451 1953 530 2040 quia
566 1953 682 2020 horum
728 1955 944 2021 consideratio
988 1978 1057 2023 non
1093 1956 1239 2022 traditur
1282 1955 1319 2020 in
1363 1956 1503 2043 scriptis,

450 2053 598 2122 homines
627 2077 797 2142 nunquam
827 2057 1012 2145 percipiunt
1041 2057 1121 2144 quid
1147 2056 1333 2122 halendum
1372 2063 1431 2136 est,
1470 2064 1505 2123 et

449 2158 623 2245 negligrmt
641 2159 785 2224 excitare
807 2160 959 2246 praelatos
979 2166 1014 2226 et
1033 2159 1195 2248 principes
1212 2159 1255 2224 ad
1272 2157 1504 2246 perfectionem

449 2259 624 2346 sapientiae.
670 2259 792 2327 Totum
816 2267 927 2328 autem
952 2261 1040 2348 quod
1064 2260 1177 2349 scripsi
1203 2261 1240 2325 in
1260 2260 1385 2350 duplici
1408 2283 1504 2349 opere

449 2366 500 2427 est
536 2362 578 2427 de
619 2361 681 2427 hac
719 2363 867 2444 materia,
905 2368 940 2427 et
970 2363 1116 2429 ostendit
1153 2361 1388 2442 difficultatem,
1428 2385 1501 2449 quae

448 2482 575 2549 semper
607 2464 750 2529 cucurrit
786 2463 874 2551 apud
912 2463 1055 2530 Latinos
1117 2462 1184 2530 Sed
1218 2464 1315 2529 modo
1351 2466 1504 2530 reducam

448 2563 559 2630 omnia
580 2566 624 2630 ad
646 2566 804 2650 quasdam
827 2565 951 2630 radices
981 2571 1094 2646 certas,
1117 2563 1240 2630 scilicet
1261 2585 1328 2630 sex.
1375 2566 1504 2631 Placuit
1640 2640 1644 2663 ¹

447 2670 558 2732 autern
596 2666 667 2732 Deo
705 2668 782 2733 dare
811 2665 1007 2753 sapientiam
1045 2666 1098 2733 cui
1128 2665 1257 2744 voluit3
1287 2687 1365 2730 nam
1397 2666 1503 2730 omnis

446 2767 608 2855 sapientia
629 2791 650 2834 a
679 2768 822 2834 Domino
845 2768 917 2834 Deo
939 2774 1012 2848 est;
1035 2774 1069 2834 et
1093 2766 1169 2854 Ipse
1199 2765 1409 2854 philosophis,
1432 2772 1502 2831 tam

446 2868 634 2936 infidelibus
671 2892 770 2956 quam
814 2868 974 2948 fidelibus,
1013 2892 1085 2936 eam
1122 2869 1290 2935 revelavit
1359 2867 1405 2933 Et
1442 2866 1503 2932 hoc

402 2972 405 2977 ’
448 2971 574 3038 declaro
619 2973 655 3039 in
699 2973 844 3060 capitulo
889 2971 1036 3038 secunda
1082 2971 1187 3057 partis
1231 2975 1421 3049 memorate,
1468 2975 1502 3034 et

447 3074 643 3159 quibusdam
680 3074 753 3140 aliis
783 3073 936 3162 capitulis
966 3073 1015 3138 illi
1036 3073 1182 3154 annexis,
1206 3071 1242 3136 in
1265 3071 1379 3137 eadem
1408 3076 1502 3158 parte

446 3175 630 3242 voluminis

493 3277 666 3344 Revelavit
703 3278 806 3366 igitur
844 3277 934 3344 Deus
971 3277 1077 3364 primo
1107 3275 1345 3363 philosophiam
1383 3276 1503 3341 sanctis

447 3379 524 3457 suis,
551 3379 671 3466 quibus
704 3385 739 3445 et
768 3381 873 3467 legem
912 3379 1025 3460 dedit;
1055 3399 1135 3443 narn
1164 3377 1372 3464 philosophia
1409 3379 1502 3444 utilis

447 3488 498 3547 est
527 3482 592 3568 legi
622 3481 694 3560 Dei,
726 3482 769 3547 ad
806 3481 1019 3561 intellectum,
1049 3481 1093 3545 ad
1122 3478 1427 3566 promulgationem,
1459 3481 1502 3545 ad
1614 3501 1619 3508 ·

447 3584 683 3670 probationem,
712 3584 755 3649 ad
793 3583 1023 3662 defensionem,
1054 3587 1088 3647 et
1125 3581 1239 3647 multis
1276 3581 1349 3647 aliis
1385 3583 1501 3661 modis,

448 3691 489 3751 ut
509 3692 603 3773 patet
625 3708 682 3773 per
705 3707 803 3773 opera
826 3706 898 3770 qua
920 3684 1032 3750 scribo.
1088 3682 1135 3748 Et
1157 3683 1230 3749 ideo
1252 3684 1358 3770 primo
1376 3685 1502 3748 tradita

448 3794 499 3856 est
520 3788 742 3876 principaliter
756 3793 791 3852 et
813 3787 971 3873 complete
993 3788 1029 3851 in
1050 3786 1164 3873 lingua
1179 3785 1328 3852 Hebraea
1374 3785 1501 3850 Deinde

447 3894 606 3954 renovata
642 3894 692 3954 est
729 3887 949 3976 principaliter
986 3909 1044 3973 per
1073 3886 1286 3951 Aristotelem
1322 3886 1358 3948 in
1388 3885 1501 3970 lingua

449 3991 583 4075 Graeca3
613 3991 730 4057 deinde
761 3989 985 4078 principaliter
1007 4010 1064 4075 per
1094 3987 1298 4053 Avioennam
1321 3986 1357 4049 in
1386 3985 1501 4072 lingua

448 4095 610 4174 Arabica3
639 4094 696 4159 sed
718 4113 887 4178 nunquam
915 4091 952 4155 in
982 4090 1103 4154 Latina
1131 4088 1196 4153 fuit
1225 4087 1411 4173 composita,
1444 4088 1501 4152 sed

448 4197 554 4262 solum
580 4195 743 4261 translata
768 4195 810 4260 de
835 4191 958 4280 linguis
980 4191 1103 4269 alienis,
1128 4195 1162 4256 et
1185 4190 1320 4255 meliora
1333 4211 1400 4254 non
1422 4194 1501 4254 sunt

448 4298 617 4365 translata.
663 4298 709 4363 Et
740 4298 781 4362 de
818 4296 870 4361 his
907 4293 1061 4369 scientiis,
1093 4314 1167 4378 quae
1204 4292 1374 4358 translatae
1412 4298 1498 4371 sunt,

447 4401 531 4466 nihil
553 4405 604 4466 est
625 4400 827 4487 perfectum
849 4402 884 4462 et
904 4395 1134 4462 translationes
1156 4399 1234 4459 sunt
1253 4415 1420 4480 perversa,
1441 4415 1501 4459 nec

446 4503 669 4590 intelligibiles
713 4502 749 4566 in
794 4500 907 4565 multis
944 4498 1096 4576 scientiis,
1141 4496 1284 4562 maxime
1328 4496 1365 4560 in
1409 4496 1502 4562 libris

448 4605 642 4672 Aristotelis
690 4603 737 4669 Et
764 4603 896 4668 infinita
925 4600 1085 4668 vocabula
1115 4599 1156 4666 de
1186 4596 1309 4684 linguis
1346 4598 1420 4663 aliis
1450 4621 1500 4665 re-
