3586 5640
458 819 523 887 428
762 871 766 878 .
834 832 963 887 noonru
985 833 1133 888 aaronis
1421 821 1512 911 [om

457 1013 527 1078 sine
567 1013 809 1100 comparatione
842 1013 1000 1101 praedicat
1040 1035 1140 1100 quam
1182 1012 1320 1079 maximi
1360 1015 1511 1100 magistri

457 1115 637 1204 theologiae.
684 1116 730 1182 Et
763 1116 837 1182 ideo
875 1116 1087 1182 manifestum
1119 1121 1170 1182 est
1201 1117 1290 1203 quod
1321 1118 1510 1203 praedicatio

457 1241 524 1283 non
539 1217 703 1305 dependet
726 1240 747 1283 a
768 1219 880 1285 studio
898 1219 1081 1307 theologiae,
1098 1220 1156 1285 sed
1171 1241 1192 1284 a
1207 1220 1358 1285 doctrina
1368 1220 1510 1286 ecclesiae

456 1343 531 1408 quae
564 1321 701 1388 cuilibet
733 1327 815 1387 nota
846 1327 905 1403 est,
937 1327 972 1388 et
993 1345 1014 1387 a
1036 1321 1160 1388 notitia
1192 1321 1353 1388 vitiorum
1384 1327 1419 1387 et
1440 1322 1509 1386 vir·

455 1428 577 1503 tutum,
601 1446 709 1511 poenae
747 1429 782 1489 et
815 1424 937 1511 gloriae,
961 1429 996 1490 et
1025 1424 1216 1510 hujusmodi
1252 1421 1507 1503 salutiferorum,

454 1547 595 1612 quorum
617 1525 738 1592 notitia
760 1525 882 1613 scripta
904 1531 955 1592 est
987 1525 1023 1590 in
1055 1525 1207 1592 cordibus
1239 1548 1281 1592 ex
1312 1547 1376 1592 usu
1410 1527 1507 1593 eccle-

287 1632 430 1702 Pmehing
453 1628 577 1745 siastici
612 1628 705 1693 ritus.
760 1626 813 1745 ’Et
854 1631 989 1744 propter
1025 1628 1087 1694 hoc
1124 1627 1315 1745 pradicatio
1353 1629 1509 1715 praeeedit

285 1703 416 1835 iffi}
454 1732 603 1797 studrum
625 1730 820 1817 theologiae3
847 1731 925 1797 hcet
947 1737 1034 1798 certe
1056 1752 1124 1796 non
1147 1737 1193 1797 s1t
1214 1731 1404 1818 negandum
1427 1733 1508 1818 quin

285 1833 394 1949 pineo-
452 1834 560 1900 bonus
591 1833 764 1921 theologus
787 1833 892 1899 multo
923 1834 1041 1899 melius
1063 1834 1182 1899 debeat
1215 1834 1400 1921 praedicarc,
1432 1856 1506 1900 cum

295 1915 354 1967 ⁰85·
453 1941 574 2016 tamen,
590 1942 630 2003 ut
644 1936 724 2015 dixi,
741 1936 892 2003 videmus
915 1936 1117 2002 contrarium
1140 1935 1270 2022 ubique.
1309 1936 1355 2002 Et
1370 1936 1432 2003 hoc
1454 1943 1506 2002 est

452 2059 610 2127 magnum
629 2045 861 2127 argumentum
884 2038 973 2126 quod
999 2038 1147 2104 studium
1178 2038 1406 2125 theologorum
1437 2061 1506 2104 cor·

451 2148 589 2230 ruptum
627 2148 685 2222 est,
709 2164 784 2208 cum
821 2142 879 2223 illi,
919 2142 976 2228 qui
1013 2141 1088 2228 plus
1125 2142 1333 2207 auctoritatis
1370 2142 1504 2222 habent,

452 2244 562 2311 minus
584 2245 667 2311 bane
700 2245 889 2332 praedicant,
922 2249 962 2310 ut
992 2244 1030 2309 in
1060 2243 1211 2331 pluribus
1233 2249 1269 2310 ct
1290 2245 1503 2331 frequentius,

450 2346 536 2413 sieut
557 2347 622 2413 fide
645 2347 860 2433 conspicimus
882 2346 1019 2413 oculata

284 2434 416 2567 ffltffi
496 2447 609 2514 Tertia
640 2471 737 2514 causa
769 2449 973 2536 apparentiae
1011 2471 1070 2537 pro
1108 2448 1280 2516 ordinibus
1317 2453 1376 2528 est,
1416 2450 1504 2535 quod

284 2568 373 2634 bytho
450 2548 639 2616 saeoulares¹
664 2573 685 2616 a
721 2551 941 2639 quadraginta
978 2551 1075 2618 annis
1105 2553 1322 2639 neglexenrnt
1354 2552 1503 2617 studium

283 2635 417 2754 xmo
452 2651 627 2740 theologiae
654 2659 689 2719 et
720 2653 935 2741 philosophiae
958 2655 1138 2722 secundum
1160 2677 1254 2720 veras
1276 2654 1348 2719 vias
1370 2653 1503 2720 illorum

283 2769 425 2888 iffi?
452 2756 644 2834 studiorum,
684 2757 833 2845 occupati
870 2757 1020 2845 appetitu
1064 2757 1263 2837 deliciarum,
1310 2757 1502 2822 divitiarum

283 2899 428 2957 deorum
452 2863 487 2926 et
524 2860 693 2937 bonorum,
732 2865 766 2926 ct
803 2861 949 2946 corrupti
986 2860 1092 2926 causis
1128 2859 1324 2948 ignorantia
1366 2859 1502 2946 praedic.
1635 2856 1639 2864 ’

451 2960 518 3042 tis3
563 2962 613 3028 ita
650 2963 740 3050 quod
775 2960 925 3029 totaliter
958 2962 1154 3028 dimiserrmt
1185 2963 1257 3028 vies
1290 2963 1503 3048 antiquorum

451 3065 648 3153 sapientum,
687 3087 828 3154 quorum
873 3065 1000 3152 aliquos
1037 3064 1181 3131 vidimus
1226 3065 1331 3130 nostri
1376 3074 1502 3152 tempo-

450 3167 519 3248 ris3
550 3169 672 3234 scilicet
704 3169 873 3235 dominum
903 3169 1094 3247 Robertum,
1119 3168 1283 3254 quondam
1314 3167 1501 3253 episcopum

451 3268 720 3349 Lincolniensem,
763 3277 886 3337 sanctae
925 3271 1098 3350 memoriae,
1134 3274 1169 3335 et
1206 3269 1376 3336 dominum
1414 3269 1500 3334 Tho-

448 3392 544 3449 mam‚
580 3373 767 3460 episcopum
798 3374 912 3440 Sancti
943 3374 1054 3439 David
1076 3373 1112 3437 in
1135 3371 1264 3464 Wallia,
1296 3376 1330 3438 et
1363 3372 1499 3437 fratrem

443 3473 553 3539 Adam
577 3475 617 3541 de
649 3475 798 3556 Marisco,
834 3481 868 3541 at
902 3477 1097 3563 magistrum
1130 3474 1313 3540 Robertum
1349 3475 1390 3540 de
1425 3474 1497 3539 Ma

440 3575 531 3654 riscO,
557 3583 592 3644 et
614 3577 788 3666 magistros
804 3578 1019 3644 Willielmum
1042 3578 1181 3665 Lupum,
1205 3583 1240 3643 et
1279 3577 1497 3643 Willielmum

441 3679 482 3745 de
520 3678 729 3768 Schyrwode,
768 3687 803 3747 et
839 3681 966 3768 aliquos
999 3681 1081 3746 alios
1116 3682 1163 3745 eis
1200 3680 1331 3758 similes,
1357 3703 1498 3766 quorum

441 3783 583 3871 vestigia
619 3783 769 3850 moderni
806 3785 974 3850 saeculares
1012 3784 1147 3849 omnino
1185 3783 1409 3863 dimiserunt3
1459 3789 1499 3849 ut

341 3880 345 3885 ⁴
442 3885 560 3953 diffuse
593 3887 788 3973 probabitur
819 3886 956 3952 inferius
993 3887 1061 3952 suis
1099 3886 1186 3952 locis,
1234 3886 1374 3972 Propter
1408 3887 1498 3971 quod

304 3979 316 4012 ¹
442 3989 562 4054 accidit
604 3995 643 4054 ut
685 3989 855 4056 saeculares
892 4011 914 4054 a
952 3989 1175 4076 quadraginta
1223 3989 1319 4052 annis
1367 3989 1497 4052 nullum

443 4098 695 4178 composuerunt
735 4093 770 4158 in
811 4092 977 4179 theologia
1017 4097 1207 4171 tractatum,
1249 4112 1310 4156 nec
1340 4096 1499 4177 reputent

443 4217 477 4259 sa
502 4195 628 4282 aliquid
654 4217 747 4282 posse
772 4195 861 4273 scire,
889 4195 954 4260 nisi
981 4216 1040 4281 per
1069 4195 1181 4261 decem
1208 4215 1321 4271 annos,
1349 4194 1403 4259 vel
1427 4216 1496 4260 am-

442 4296 538 4383 plius,
570 4298 709 4362 audiant
740 4320 858 4384 pueros
904 4298 1044 4363 duorum
1080 4297 1241 4362 ordinum.
1300 4296 1371 4362 Neo
1401 4297 1498 4362 aliter

443 4403 646 4484 praesumunt
685 4399 792 4486 legere
833 4400 1022 4476 sententias,
1060 4420 1120 4465 nec
1157 4398 1298 4485 incipere
1332 4399 1369 4462 in
1406 4398 1498 4464 theo·

791 4709 947 4778 lancularea]
967 4707 1071 4771 selures,
1083 4710 1140 4762 MS.
