3586 5640
308 754 404 843 exn]
704 770 793 820 orus
823 769 985 820 rennuis
1302 755 1370 820 '283

306 953 341 1011 et
385 945 452 1011 illis
495 945 647 1011 addimus
685 952 810 1033 septem
855 945 1042 1011 lunationes
1079 947 1115 1009 in
1152 948 1225 1009 bolo
1269 947 1360 1031 cyclo

305 1048 570 1127 decennovenali,
601 1049 644 1114 ed
674 1048 946 1114 restaurationem
977 1047 1123 1113 defectus
1152 1047 1211 1133 qui
1240 1047 1361 1113 accidit

305 1150 477 1218 duodecim
522 1151 749 1216 lunationibus
787 1155 938 1237 respectu
975 1149 1149 1215 duodecim
1197 1149 1360 1215 mensium

306 1254 460 1318 solarium
482 1253 519 1317 in
541 1275 628 1318 suno
651 1253 772 1332 sclari;
796 1253 876 1338 quia
896 1273 1003 1318 annus
1024 1251 1160 1332 lunaris,
1181 1251 1362 1319 consistens

306 1378 350 1421 ex
381 1355 553 1421 duodecim
583 1355 821 1434 lunationibus,
853 1376 921 1420 nou
953 1355 1056 1420 babet
1097 1354 1164 1419 nisi
1199 1358 1362 1421 trecentos

307 1457 552 1545 quinquaginta
588 1461 733 1543 quatuor
764 1456 835 1522 dies
868 1457 1024 1544 integros,
1048 1467 1084 1522 eb
1115 1455 1232 1522 solaris
1260 1455 1363 1523 habea

307 1559 458 1625 undecim
472 1560 590 1647 plures,
605 1582 684 1625 nem
700 1560 802 1625 habel
817 1564 980 1625 trecentos
1002 1559 1178 1646 sexaginta
1193 1559 1363 1645 quinque;

307 1668 343 1727 et
370 1661 445 1728 ideo
478 1685 587 1727 annus
608 1663 736 1728 lunaris
769 1662 869 1728 cilius
897 1662 1017 1728 finitur
1038 1683 1137 1748 quem
1168 1661 1283 1727 solaris
1304 1683 1363 1749 par
1467 1653 1472 1662 ⁴

307 1765 459 1829 undecim
491 1766 568 1831 dies.
615 1764 661 1831 Ec
683 1771 764 1831 bunc
791 1765 995 1852 colliguntur
1024 1765 1081 1830 isai
1108 1765 1261 1830 undecim
1292 1763 1363 1830 dies

306 1867 464 1954 superflui
490 1868 660 1953 usquead
682 1868 820 1933 tertium
851 1889 985 1945 annum,
1009 1872 1044 1933 el
1070 1869 1110 1934 fic
1136 1889 1204 1933 una
1233 1867 1363 1934 lunatio

306 1990 365 2034 seu
408 1970 530 2035 mensis
567 1969 701 2035 lunaris.
761 1969 808 2035 Et
845 1970 891 2035 sic
928 1970 965 2034 in
1005 1970 1108 2036 lertio
1145 1992 1234 2036 anuo
1278 1970 1361 2057 cycli

306 2073 484 2159 apponitur
505 2094 591 2138 unus
617 2073 739 2138 mensis
760 2072 894 2153 lunaris,
918 2077 953 2138 eb
975 2077 1114 2139 vocatur
1135 2071 1362 2154 ceabclicmas,

307 2181 342 2239 eb
376 2197 483 2239 annus
517 2174 758 2252 embolismalis,
797 2174 832 2239 id
866 2180 925 2252 esb,
949 2197 1245 2263 superexcrescens,
1284 2176 1363 2262 quia

308 2277 409 2341 habeb
446 2277 603 2341 tredecim
639 2277 833 2356 lunationes,
871 2283 907 2343 et
949 2277 996 2342 sic
1032 2279 1123 2344 ultra
1157 2300 1217 2366 per
1252 2283 1362 2343 bobum

308 2380 436 2464 cyclum
458 2400 585 2465 semper
607 2379 806 2466 colligrmtur
827 2379 884 2444 isti
910 2400 1037 2446 menses
1060 2379 1307 2458 embolismales,
1321 2385 1362 2445 ub

309 2482 395 2546 fiant
421 2481 502 2545 enni
535 2481 783 2562 embolismales,
810 2487 975 2568 quatenus
1007 2483 1118 2569 cyclus
1151 2482 1361 2550 lunationum

308 2584 579 2650 decennovenalis
593 2590 743 2671 aquetur
756 2585 970 2651 novendecim
986 2587 1082 2652 annis
1096 2585 1264 2652 solaribus
1295 2585 1362 2653 Sed

307 2685 399 2751 istud
429 2691 479 2752 est
507 2685 733 2774 impossibile:
763 2709 842 2752 nam
871 2688 1051 2754 secundum
1078 2688 1296 2755 Ptolomaeum
1325 2689 1361 2754 in

308 2787 501 2875 Almsgeeti
516 2793 552 2855 eb
574 2810 686 2855 omncs
708 2788 936 2870 ηηδτοηοιηοη,ι
954 2790 1075 2856 mensis
1090 2790 1217 2856 lunaris
1230 2790 1362 2879 proprie

308 2913 375 2956 non
407 2898 458 2956 est
480 2891 524 2956 ad
545 2891 706 2959 visionem
729 2914 826 2959 novae
852 2893 950 2972 lunae,
970 2884 1054 2977 *qnia
1074 2891 1136 2957 hoc
1158 2897 1290 2979 tempus
1312 2897 1363 2959 cst

308 2992 479 3078 inaequale,
504 2992 606 3080 quie⁹
639 2994 817 3081 aliqnando
848 2994 885 3059 in
916 3015 1014 3059 mane
1046 2993 1193 3078 ejusdcm
1220 2994 1286 3060 diei
1312 2999 1364 3060 cst

306 3096 470 3161 novacula
491 3096 615 3162 veteris
644 3095 742 3177 lunae,
773 3101 808 3161 el
840 3097 876 3161 in
907 3117 1042 3183 vespere
1073 3095 1236 3161 novacula
1265 3117 1362 3163 novae

304 3198 402 3276 lunse,
426 3197 483 3263 εδ*
505 3197 685 3284 aliquando
706 3203 758 3264 est
788 3198 932 3286 spatium
955 3199 1095 3264 ducrum
1117 3197 1246 3264 dierum
1275 3199 1363 3265 inber

308 3321 372 3381 ess,
395 3305 431 3366 eb
463 3301 643 3387 aliquando
668 3305 737 3368 lres
759 3301 828 3367 dies
857 3301 1124 3390 intercipiuntur,
1158 3307 1199 3367 ut
1226 3302 1362 3391 planum

305 3409 360 3468 est
385 3404 496 3469 sensui
529 3409 564 3470 ct
599 3425 705 3471 causae
735 3403 778 3470 ab
807 3405 1004 3471 astronomis
1033 3405 1249 3492 assignantur.
1296 3405 1362 3472 Sed

304 3524 437 3571 menses
458 3505 583 3571 debenb
604 3506 736 3593 aequari.

355 3606 444 3672 Ibem
477 3629 538 3673 nec
570 3630 591 3673 a
623 3609 854 3694 conjunctione
886 3611 963 3677 solis
997 3616 1031 3678 ct
1063 3610 1154 3677 lunae
1183 3611 1360 3677 secundum

309 3732 422 3777 eorum
449 3732 581 3777 cursum
603 3733 728 3791 verum,
763 3714 842 3799 qnia
864 3714 926 3779 hcc
948 3719 1078 3799 tempus
1107 3718 1158 3779 est
1179 3714 1363 3800 inaequsle3

310 3819 345 3879 eb
376 3813 451 3880 ideo
482 3813 745 3881 considerabitur
781 3837 881 3902 penes
912 3815 1177 3901 conjunctionem
1215 3817 1292 3882 solis
1329 3821 1363 3882 el

309 3916 406 3998 lunec,
430 3918 609 3983 secundum
639 3918 812 4003 utriusque
844 3939 957 3984 corum
993 3938 1125 3982 cursum
1151 3919 1298 3984 medium
1328 3924 1364 3985 et

308 4020 470 4106 aequalem
482 4045 491 4101 ;
521 4021 600 4106 quia
630 4019 692 4084 hoc
723 4025 852 4108 tempus
883 4026 935 4086 est
967 4019 1094 4106 aequale
1125 4024 1160 4086 eb
1192 4021 1362 4087 uniforme.

311 4121 357 4186 Ec
388 4123 566 4188 secundum
598 4123 687 4210 quod
717 4122 837 4210 probat
862 4121 1062 4189 Ptolomaeus
1092 4122 1127 4187 in
1170 4122 1364 4211 Almcgessi,

309 4219 371 4290 hoc
398 4228 530 4313 tempus
552 4232 603 4293 est
624 4227 747 4314 viginti
777 4247 897 4295 novem
926 4226 997 4291 dies
1026 4230 1062 4292 et
1089 4223 1230 4314 triginta
1258 4248 1364 4293 unum

348 4555 649 4625 ‘armacenos-cs]
667 4568 716 4611 om.
727 4558 759 4610 Τ.
896 4559 952 4626 ¹el]
966 4560 1019 4613 Bu

346 4636 444 4702 mia]
460 4653 545 4703 quum,
558 4637 593 4689 r,
829 4663 832 4668 ·
