3586 5640
364 804 429 892 1x.]
698 823 929 873 courmmun
951 823 1076 873 erunn.
1348 810 1412 870 505

361 996 432 1076 est‚¹
463 997 542 1086 licet
571 997 710 1086 incipiat
739 1019 763 1063 a
793 997 906 1075 vocali,
937 997 1022 1062 sicut
1051 996 1267 1064 semivocales.
1314 997 1415 1062 Ratio

362 1099 452 1164 dicta
474 1121 562 1166 nune
584 1101 701 1166 fortior
723 1104 774 1166 est
796 1104 835 1164 ut
857 1100 902 1165 sit
923 1105 1024 1165 muta
1071 1099 1182 1180 Quum
1199 1099 1245 1188 pt
1266 1100 1416 1186 sequitur

362 1200 473 1266 literas
510 1201 564 1267 mi
593 1207 628 1267 et
656 1200 700 1268 rai
728 1207 810 1268 tunc
843 1206 939 1268 sonat
971 1200 997 1279 b,
1031 1207 1071 1268 ut
1104 1201 1270 1289 [λαμπάς].
1328 1201 1416 1267 Nam

362 1303 451 1388 apud
474 1304 605 1370 Graecos
628 1304 750 1369 dicitur
779 1301 918 1370 lauabat.
964 1302 1010 1369 Et
1035 1303 1089 1371 hic
1115 1303 1160 1392 pt
1182 1304 1331 1390 sequitur
1356 1301 1416 1369 mi.

365 1405 524 1470 Similiter
546 1428 648 1491 quum
670 1406 818 1492 sequitur
840 1404 893 1486 ni,
911 1411 950 1472 ut
981 1405 1047 1492 [τὴν
1069 1404 1285 1490 πεντηκοστήν]
1329 1404 1418 1470 Nam

364 1527 463 1572 sonus
509 1507 643 1575 Graecus
680 1507 944 1588 tiaberltacostia,
991 1507 1048 1574 tia
1091 1514 1143 1573 est
1184 1506 1340 1572 articulus
1385 1512 1419 1572 et
1474 1540 1478 1546 ·

365 1608 579 1676 Pentecostia
610 1615 660 1677 est
689 1611 894 1677 accusativus
916 1609 1015 1696 hujus
1036 1609 1179 1677 nominis
1205 1608 1417 1676 Perrtccostis.

365 1709 411 1775 Et
431 1733 572 1796 yamrna
594 1718 672 1779 ante
693 1712 784 1777 aliud
805 1733 955 1798 yamma,
991 1712 1045 1777 vel
1077 1718 1156 1777 ante
1177 1710 1301 1798 kappa,
1324 1717 1420 1776 sonat

367 1814 476 1900 [quasi
500 1814 533 1879 N
536 1817 560 1903 ].
606 1815 696 1880 Nam
720 1814 854 1881 Graecus
876 1815 958 1880 dicit
986 1812 1176 1901 [ἅγγελος],’
1199 1813 1252 1879 hic
1273 1812 1417 1898 escalon,

365 1921 400 1980 et
421 1938 562 2000 yamma
584 1916 637 1983 hic
658 1917 824 1982 antecedit
845 1916 937 1982 aliud
967 1937 1115 2000 yemata.
1162 1915 1323 1981 Similiter
1345 1936 1419 1980 eum

365 2019 531 2084 antecedit
565 2018 688 2106 kappa,
721 2024 761 2084 ut
796 2017 1019 2106 [ricalyxmh
1056 2041 1133 2083 nam
1168 2018 1301 2084 Graecus
1339 2015 1420 2082 dicit

365 2118 547 2206 isaccuyis,
564 2127 599 2186 et
620 2125 730 2186 mutat
749 2141 891 2205 yamcut
912 2120 949 2184 in
970 2119 1021 2198 ai,
1038 2121 1115 2206 quia
1136 2119 1253 2207 kappa
1272 2119 1420 2204 sequitur

366 2222 454 2307 quod
485 2228 536 2287 est
564 2220 768 2288 introducas
794 2221 831 2286 in
859 2221 985 2288 Latino.
1031 2220 1078 2286 Et
1109 2221 1261 2288 similiter
1293 2221 1330 2285 in
1359 2220 1420 2286 hoc

366 2323 481 2387 eodem
504 2323 654 2410 exemplo
680 2323 795 2411 lappa
824 2323 952 2390 amittit
973 2346 1069 2390 suum
1091 2346 1208 2391 sonum
1231 2330 1265 2390 et
1286 2346 1419 2389 conver-

366 2424 450 2489 titur
471 2424 508 2489 in
528 2446 676 2511 quantia.
722 2425 811 2491 Nam
842 2426 1101 2513 quandocunque
1131 2424 1245 2512 kappa
1272 2426 1420 2512 sequitur

365 2548 506 2612 gramma
541 2528 641 2594 habet
672 2549 788 2594 sonum
823 2529 864 2594 de
892 2549 1042 2615 yamrrut,
1069 2534 1105 2594 et
1133 2528 1207 2594 ideo
1237 2527 1352 2616 lappa
1382 2528 1419 2593 in

366 2629 492 2714 syllaba
514 2629 632 2696 ultima
653 2630 806 2696 dictionis
828 2653 915 2696 nunc
937 2629 1035 2698 dictae
1056 2636 1152 2697 sonat
1170 2652 1312 2717 camma
1331 2631 1419 2718 apud

367 2732 504 2798 Graecos.
551 2731 712 2799 Similiter
733 2737 830 2799 sonat
848 2753 990 2818 yamme
1012 2738 1088 2820 post
1109 2731 1160 2811 rai,
1195 2738 1233 2799 ut
1265 2733 1420 2799 scribitur

367 2832 533 2922 [συγκοπὴ]
568 2840 602 2900 et
635 2835 756 2901 dicitur
787 2833 950 2922 aicqopi;
983 2842 1018 2901 et
1049 2841 1197 2900 mutatur
1226 2857 1294 2900 non
1315 2835 1421 2900 solum

366 2958 464 3001 sonus
493 2937 534 3002 de
561 2935 677 3024 kappa
706 2937 743 3003 in
768 2939 885 3002 sonum
915 2937 957 3002 de
984 2957 1135 3022 camma,
1159 2937 1216 3002 sed
1250 2958 1349 3003 senus
1380 2936 1421 3002 de

366 3059 509 3123 gramma
531 3039 568 3103 in
589 3039 652 3104 hoc
673 3039 788 3105 ecdem
811 3037 961 3124 exemplo
994 3043 1143 3104 mutatur
1176 3038 1219 3102 in-
1243 3037 1287 3103 πί
1309 3059 1421 3103 secun·

367 3141 446 3205 dum
492 3141 693 3227 superiorem
734 3141 907 3227 regulam
954 3140 1033 3226 quia
1065 3140 1242 3206 secundum
1273 3140 1422 3228 proprios

367 3262 479 3306 eorum
517 3263 613 3307 sonos
650 3248 822 3308 vocaretur
859 3240 999 3329 siykcpi.
1069 3243 1134 3309 Sed
1172 3242 1311 3310 Latinus
1341 3243 1422 3310 dicit

368 3341 504 3429 eirtccpc
527 3343 642 3410 Graeca
663 3343 890 3426 declinatione,
922 3350 957 3412 et
978 3343 1121 3432 ascopa
1142 3347 1271 3434 sincope
1294 3347 1420 3413 Latina.

368 3445 413 3509 Et
446 3451 521 3531 post
549 3443 603 3511 mi
640 3453 675 3512 et
712 3444 764 3525 cti,
803 3445 860 3533 tas
892 3447 993 3514 habet
1030 3471 1147 3516 sonum
1178 3451 1219 3515 de
1250 3449 1347 3528 delta,
1382 3456 1422 3515 ut

365 3546 520 3612 scribitur
544 3547 689 3635 [παντὸς],
713 3554 749 3615 et
770 3549 892 3616 dieitur
911 3549 1048 3637 pandos
1070 3574 1129 3640 per
1150 3553 1241 3619 delta
1262 3559 1296 3620 et
1320 3555 1418 3642 [non]

362 3654 489 3735 pactos
511 3671 569 3736 per
591 3649 650 3736 les.

813 3938 895 4007 Osa
921 3939 962 4008 X.

411 4139 603 4221 POSTQUAM
618 4143 769 4211 habitum
792 4151 842 4212 est
861 4147 902 4213 de
924 4147 1092 4216 literarum
1109 4147 1196 4216 sonis
1218 4149 1415 4239 simplicium
1424 4168 1506 4236 Diph-

357 4252 400 4312 vet
422 4246 633 4334 singularum,
657 4270 744 4314 nunc
766 4247 941 4316 dicendum
962 4256 1014 4317 est
1035 4251 1077 4318 de
1103 4253 1192 4318 senis
1218 4253 1275 4339 qui
1304 4237 1525 4320 anun-‘lm

367 4353 423 4412 tur
447 4370 489 4414 ex
510 4350 733 4437 geminatione
766 4350 936 4418 literarum
958 4353 1141 4421 adinvicem
1164 4355 1223 4440 qui
1252 4356 1417 4424 habentur

1091 4526 1302 4536 —.............·-

399 4599 511 4650 'lacem
523 4601 571 4667 at]
590 4617 614 4665 p.
627 4606 684 4653 51⁰.
933 4605 1072 4740 ’ἱηιλοῇ
1085 4608 1312 4677 iscnengiadottcd
1323 4617 1414 4666 unde·

900 4697 956 4742 Ml
