3586 5640
305 776 473 862 xxxmu]
710 791 796 842 orus
818 790 978 842 resnou
1295 780 1356 843 121

306 964 395 1051 quod
411 964 550 1030 materia
568 964 612 1028 sit
627 984 695 1027 una
717 985 852 1029 numero
870 963 906 1029 in
929 963 1081 1028 omnibus
1102 963 1207 1042 rebus,
1224 963 1356 1044 seilicet,
1371 979 1521 1033 rosume-

304 1066 531 1153 spiritualibus
568 1071 603 1131 a
639 1065 869 1153 corporalibus,
901 1073 935 1132 a
968 1067 1005 1130 sn
1038 1066 1231 1148 missibus,
1255 1072 1290 1133 a
1321 1068 1358 1132 n
1370 1044 1519 1165 mgr

304 1169 484 1247 elementis,
509 1174 543 1232 et
568 1167 683 1232 mixtis
709 1173 743 1232 et
773 1167 972 1247 inanimatis,
996 1172 1030 1233 et
1060 1167 1097 1232 in
1119 1168 1237 1245 anima,
1261 1174 1295 1234 et
1320 1169 1357 1234 in
1370 1180 1524 1232 uncinum

305 1270 481 1349 omnibus;
511 1274 546 1334 et
570 1289 645 1333 oum
668 1268 722 1334 hio
751 1269 797 1334 sit
826 1289 915 1334 error
945 1270 1102 1355 pessimus
1132 1269 1189 1355 qui
1212 1291 1359 1356 unquam
1372 1245 1467 1312 mm

305 1371 391 1436 fuit¹
430 1370 489 1435 in2
526 1370 732 1456 philosophia
769 1371 903 1456 positus,
942 1371 1016 1436 ideo
1061 1370 1234 1457 aggredior
1278 1371 1363 1438 hano

306 1473 511 1558 positionem,
553 1477 589 1537 et
634 1470 821 1556 hujusmodi
866 1470 1041 1557 positionis
1086 1472 1267 1537 destructio
1312 1478 1364 1539 est

305 1574 403 1639 valde
425 1573 612 1640 necessaria
659 1572 725 1638 Sed
752 1574 902 1658 quamvis
933 1595 992 1659 per
1020 1573 1165 1639 rationes
1195 1574 1364 1641 naturales

306 1680 342 1741 et
387 1675 627 1763 metaphysieos
665 1696 836 1761 possumus
874 1675 963 1741 huno
1004 1697 1147 1742 errorem
1185 1675 1363 1756 eliminare,

306 1784 419 1844 tamen
445 1778 524 1864 quia
546 1784 693 1843 tenorem
725 1777 945 1863 persuasionis
975 1777 1105 1844 intente
1134 1799 1260 1865 sequor,
1290 1778 1364 1844 ideo

306 1879 413 1944 solum
450 1901 535 1966 pono
580 1879 875 1944 demonstrationes
913 1879 1039 1966 aliquas
1076 1880 1290 1967 geometriane
1326 1880 1363 1946 in

306 1981 402 2047 lineis
433 1981 650 2068 explioandas.
696 1979 835 2047 Ostendi
866 1980 966 2046 etiam
990 1981 1078 2067 quod
1101 2004 1143 2048 ex
1173 1981 1234 2047 hoo
1255 1997 1518 2050 erroremrdoon·

307 2085 456 2170 sequitur
478 2084 567 2171 quod
590 2083 730 2149 materia
751 2082 797 2147 sit
818 2083 954 2168 sequalis
970 2083 1052 2163 Deo,
1075 2088 1110 2150 et
1131 2084 1177 2149 sit
1192 2083 1306 2165 Deus3
1328 2079 1510 2183 etm'ffi

307 2185 508 2272 impossibile
545 2190 596 2250 est
633 2185 693 2249 has
730 2184 1027 2250 demonstrationes
1064 2184 1223 2272 impediri.
1284 2184 1363 2251 Non
1375 2197 1518 2260 onosma

308 2288 413 2352 solum
435 2287 539 2374 igitur
561 2292 612 2352 est
641 2307 738 2363 error,
762 2286 820 2351 sed
849 2286 988 2367 haeresis,
1020 2288 1097 2373 quia
1127 2262 1518 2394 blmphemiamffl

308 2388 444 2454 inducit.
490 2387 536 2452 Et
561 2393 674 2452 tamen
700 2387 822 2473 vulgus
845 2388 1051 2454 studentium
1074 2388 1110 2453 in
1133 2389 1299 2476 theologia
1328 2393 1462 2463 etwrhy·

309 2489 513 2576 philosophia
544 2489 606 2554 hoo
628 2489 803 2568 affirmant,
827 2490 885 2555 sed
916 2512 982 2555 non
1004 2491 1186 2557 advertunt
1207 2492 1363 2558 inconve-

309 2592 437 2656 nientia
458 2613 532 2678 quae
553 2597 737 2676 sequuntur
759 2596 892 2678 propter
913 2593 983 2674 hoe,
1007 2594 1096 2679 quod
1114 2595 1185 2680 jam
1208 2594 1366 2681 exempli·

310 2694 444 2759 ficatum
479 2699 530 2759 est
563 2714 621 2779 per
653 2694 764 2780 eapite
797 2694 901 2780 vulgi,
933 2700 968 2760 et
1000 2715 1057 2780 per
1094 2695 1365 2762 consuetudinem

309 2797 442 2882 longam
459 2793 656 2875 dirmetum,
691 2800 726 2860 et
760 2795 960 2861 celebratum
995 2816 1053 2881 per
1086 2817 1218 2861 sensum
1251 2788 1378 2863 multiss

308 2898 442 2964 tudinis
488 2896 555 2962 Sed
588 2897 651 2962 etsi
685 2917 753 2962 non
785 2902 975 2982 sequeretur
1012 2896 1096 2962 illud
1133 2898 1366 2964 inconveniens

310 3000 529 3086 theologicum
560 3021 602 3063 ex
625 2999 687 3064 heo
717 2999 887 3085 positione,
912 3004 1024 3064 tamen
1054 2998 1203 3084 sequitur
1232 3020 1275 3063 ex
1304 2999 1366 3066 hoo

310 3101 397 3186 quod
420 3105 494 3166 tota
515 3101 639 3165 veritas
660 3121 771 3165 rerum
798 3104 982 3165 creatarum
1005 3098 1194 3181 destruitur,
1218 3105 1253 3166 et
1275 3102 1364 3186 quod

310 3202 510 3288 impossibile
532 3207 583 3268 est
605 3202 731 3288 aliquid
753 3201 828 3267 sciri
858 3200 898 3266 de
921 3201 1062 3268 veritate
1084 3201 1305 3290 generationis
1327 3207 1363 3269 et

309 3304 537 3391 corruptionis.
583 3305 672 3369 Nam
717 3304 746 3369 si
782 3303 923 3369 materia
955 3309 1005 3370 est
1039 3327 1106 3370 una
1146 3326 1292 3385 numero,
1326 3309 1523 3380 etmm.

309 3407 412 3472 iorma
439 3407 630 3493 appropriat
659 3405 723 3471 sibi
755 3427 848 3471 suam
879 3407 1061 3488 materiam,
1093 3413 1133 3473 ut
1164 3397 1416 3514 Aristotelesgf
1427 3395 1511 3512 w

310 3509 392 3574 dicit
408 3507 442 3590 ;⁸
476 3513 663 3574 etcertum
697 3514 748 3574 est
767 3508 856 3594 quod
889 3510 1029 3575 materia
1061 3511 1192 3597 propria
1220 3510 1362 3596 requirit
1372 3478 1458 3593 using·
1468 3529 1511 3579 oe·

309 3611 447 3676 formam
470 3611 645 3697 propriam,
667 3615 702 3676 et
731 3633 750 3676 e
781 3630 935 3676 converso
947 3633 1080 3691 ;-nam
1109 3612 1249 3677 materia
1277 3595 1523 3714 asinigffffllbt

310 3734 378 3777 non
411 3716 522 3799 potest
555 3733 668 3799 eapere
706 3713 850 3778 animam
888 3713 1091 3791 rationalem,
1130 3735 1190 3778 neo
1226 3714 1365 3780 materia

311 3813 454 3880 hominis
477 3814 622 3880 animam
645 3816 730 3880 asini
750 3820 838 3894 ;-et
860 3813 935 3879 ideo
955 3815 984 3879 si
999 3815 1137 3880 materia
1170 3820 1221 3880 est
1251 3816 1365 3881 eadem

310 3917 347 3982 in
370 3917 522 3983 omnibus
552 3917 730 3982 seeundum
757 3917 940 3995 essentiam,
973 3921 1008 3983 et
1037 3917 1141 3981 forma
1167 3918 1231 3982 erit
1252 3919 1367 3983 eadem

310 4020 347 4085 in
368 4019 440 4100 eis3
464 4025 498 4084 et
520 4019 570 4083 ita
592 4019 704 4084 omnia
734 4022 833 4082 erunt
856 4040 960 4082 unum
979 4025 1013 4084 et
1038 4019 1144 4099 idem;
1166 4023 1201 4084 et
1230 4020 1365 4107 angelus
1429 4067 1433 4074 -

311 4121 357 4186 sio
392 4121 457 4186 erit
494 4120 587 4206 lapis,
622 4125 657 4186 et
694 4120 792 4185 homo
829 4121 950 4199 asinus,
985 4125 1019 4186 et
1053 4120 1172 4186 coelum
1202 4126 1299 4202 terra,
1330 4128 1366 4190 et

312 4222 476 4309 quidlibet
505 4221 570 4289 erit
599 4222 772 4309 quidlibet.

358 4323 495 4403 Iterum,
526 4324 556 4389 si
584 4325 683 4411 quod
720 4329 770 4391 est
815 4323 1015 4392 reoidentale
1052 4325 1100 4391 rei
1137 4326 1285 4393 variatur
1328 4326 1365 4393 in

346 4600 485 4667 ¹sas1st,
503 4601 533 4652 r.
897 4599 1058 4653 wissara
1080 4601 1155 4671 sess]
1184 4603 1232 4655 sa
1254 4583 1365 4669 rossa

348 4679 409 4746 ²a]
427 4679 554 4740 esan
864 4679 1043 4746 suasuro.
