3586 5640
427 793 493 859 286
800 805 930 857 nouum
960 804 1107 857 mooun
1388 792 1488 880 [cau.

426 981 558 1049 minute
589 987 625 1048 et
647 983 891 1070 quinquaginta
912 983 1055 1049 secundo
1088 981 1189 1049 unius
1209 985 1284 1050 diei
1330 984 1487 1066 Quilibet

427 1107 506 1152 vero
519 1086 735 1152 novendecim
749 1087 839 1167 anni,
855 1085 1015 1152 babentes
1028 1088 1176 1173 quinque
1190 1087 1261 1152 dies
1281 1087 1486 1170 biseextiles,

427 1188 552 1255 hebent
573 1189 644 1255 dies
665 1190 840 1276 sexaginta
865 1210 985 1254 novem
1007 1189 1114 1254 millia
1140 1195 1307 1256 trecentos
1339 1193 1484 1277 quadiu

427 1293 541 1380 ginta:
565 1293 654 1358 unde
676 1313 752 1356 cum
774 1291 927 1357 ducentee
948 1291 1090 1378 triginta
1111 1293 1261 1378 quinque
1291 1293 1484 1359 lunationes

426 1395 569 1481 sequules
591 1393 739 1461 hebent¹
763 1415 821 1459 sex
834 1393 941 1458 millia
960 1394 1180 1481 noningentos
1202 1395 1344 1482 triginta
1359 1416 1486 1462 novem

427 1497 504 1577 dies,
528 1503 564 1564 et
586 1497 808 1584 quadraginta
828 1497 970 1576 minute,
994 1501 1030 1562 et
1051 1497 1298 1585 quinquaginta
1327 1500 1482 1580 secunda,

426 1605 508 1668 tunc
529 1600 745 1667 novendecim
766 1598 855 1678 anni,
879 1599 1040 1665 habentes
1061 1601 1210 1686 quinque
1231 1621 1335 1666 annos
1354 1601 1483 1667 bissex·

425 1703 512 1785 tiles,
543 1708 702 1790 superant
723 1703 883 1768 ducentes
915 1701 1059 1788 triginta
1089 1702 1238 1789 quinque
1267 1703 1481 1770 lunationes*

426 1807 534 1894 spetio
564 1805 780 1872 novendecim
810 1804 1017 1869 minutorum
1039 1808 1076 1869 et
1097 1804 1211 1869 decem
1237 1805 1481 1886 secundorum

426 1910 516 1995 quod
537 1913 589 1974 est
610 1907 678 1974 fere
699 1908 802 1972 tertia
823 1905 921 1971 unius
944 1905 1018 1971 diei
1064 1906 1162 1987 Quod
1183 1907 1332 1993 patetsi
1354 1907 1397 1974 de
1409 1929 1481 1974 uno

425 2010 488 2092 die,
526 2032 593 2100 quo
631 2009 840 2098 superfluunt
882 2029 972 2074 nunc
1009 2008 1092 2076 dicti
1136 2009 1352 2075 novendecim
1396 2012 1480 2077 anni

426 2135 525 2201 super
556 2113 717 2180 ducentas
748 2112 890 2199 triginta
922 2111 1069 2198 quinque
1099 2110 1312 2191 lunationes?
1348 2112 1480 2179 subtun-

426 2216 544 2282 humus
573 2214 796 2304 quodraginta
821 2214 953 2279 minute
984 2219 1020 2279 et
1051 2213 1296 2301 quinquaginta
1326 2217 1480 2297 secunda,

427 2318 547 2404 quibus
591 2317 657 2383 illae
701 2316 890 2383 lunationes
933 2316 1057 2382 eaedem
1099 2316 1347 2403 superfluebant
1381 2339 1482 2405 super

426 2419 641 2485 novendecim
685 2439 798 2498 annos,
843 2417 1006 2483 habentes
1042 2423 1177 2484 tentum
1221 2425 1365 2507 quatuor
1408 2419 1482 2487 dies

426 2519 620 2599 bisextiles,⁸
649 2525 684 2586 et
715 2521 765 2585 ite
794 2523 889 2607 petet
933 2521 1022 2606 quod
1063 2542 1133 2586 non
1177 2522 1320 2608 quilibet
1355 2545 1480 2590 noven-

427 2624 532 2689 decim
564 2622 644 2688 enni
666 2622 788 2689 soleres
810 2628 988 2708 sequantur
1012 2623 1077 2689 sibi
1100 2624 1251 2706 invicem,
1282 2626 1340 2691 sed
1362 2632 1485 2713 quater

428 2726 641 2793 novendecim
679 2725 760 2791 enni
795 2725 936 2790 redeunt
972 2726 1017 2791 ed
1054 2726 1143 2792 idem
1187 2727 1347 2814 temporis
1388 2729 1481 2816 prin-

428 2830 559 2917 cipium,
583 2829 642 2916 qui
675 2829 803 2894 faciunt
835 2827 1048 2915 septuaginta
1077 2849 1137 2893 sex
1159 2850 1273 2911 annos,
1295 2836 1332 2895 et
1353 2851 1483 2919 semper

427 2938 603 3022 aequantur
624 2932 698 2998 eliis
719 2931 932 3019 septuaginta
952 2922 1022 2997 sex'
1034 2932 1137 2996 annis.
1183 2930 1239 2996 si*
1262 2954 1342 3020 ergo
1365 2955 1481 3022 eggre-

427 3043 549 3124 gentur
571 3041 623 3102 ter
644 3035 859 3101 novendecim
881 3035 1012 3099 minute
1033 3039 1068 3099 et
1089 3034 1201 3100 decem
1223 3035 1375 3113 seeundo,
1404 3058 1484 3122 quse

428 3139 570 3226 quilibet
591 3138 807 3205 novendecim
837 3138 926 3215 anni,
958 3137 1117 3202 habentes
1147 3135 1296 3222 quinque
1326 3137 1483 3220 bisextus,

428 3240 558 3306 addunt
580 3263 677 3326 super
692 3241 851 3306 ducentas
868 3239 1009 3326 ttiginto
1029 3240 1174 3325 quinque
1197 3238 1391 3318 lunationes,
1405 3262 1482 3327 pro-

428 3343 566 3409 venient
588 3342 684 3408 nobis
708 3343 951 3429 quinquaginta
973 3346 1098 3428 septem
1120 3341 1253 3406 minuta
1273 3346 1310 3407 et
1340 3343 1482 3429 triginta

428 3445 577 3523 secunde,
612 3444 733 3529 quibus
770 3445 827 3509 isti
864 3450 917 3510 ter
947 3443 1163 3510 novendecim
1193 3445 1282 3523 anni,
1320 3446 1482 3512 hebentes

429 3547 574 3635 quinque
604 3547 757 3632 binubos,
791 3547 890 3612 simul
923 3547 1049 3633 sumpti
1082 3547 1250 3612 exoedunt
1280 3569 1357 3613 suas
1387 3548 1482 3614 luns-

428 3652 543 3717 tiones.
590 3648 657 3717 Sed
685 3650 902 3716 novendecim
935 3648 1024 3726 anni,
1058 3647 1219 3714 hebentes
1249 3654 1382 3716 tentum
1410 3652 1483 3717 dies

428 3759 572 3841 quotuor
593 3752 771 3830 bisextiles,
805 3756 885 3818 sunt
914 3750 1057 3831 minem
1090 3752 1159 3817 suis
1193 3752 1418 3819 lunationibus
1444 3755 1479 3819 in

428 3857 649 3944 quedmginta
692 3856 830 3920 minutis
868 3864 902 3920 et
939 3853 1183 3940 quinquaginta
1224 3856 1382 3921 oecundis.
1442 3856 1481 3922 Si

430 3960 533 4047 igitur
566 3959 808 4025 subtrahantur
829 3958 900 4023 haec
921 3956 1143 4043 quadraginta
1174 3958 1305 4023 minute
1327 3964 1362 4024 et
1384 3958 1487 4043 quin·-

429 4063 590 4148 quegintu
625 4061 769 4128 secundo
806 4082 827 4125 c
863 4060 1030 4147 pmdictis
1067 4059 1314 4147 quinquaginta
1353 4065 1480 4148 septem

429 4165 568 4230 minutis
604 4169 640 4230 et
687 4164 829 4251 triginta
860 4162 1020 4242 secundis,
1052 4162 1283 4247 relinquentur
1315 4164 1479 4230 sexdecim

464 4542 610 4608 'sexaginte
628 4557 709 4591 nocem
727 4576 734 4592 .
752 4578 758 4591 .
777 4578 783 4592 .
802 4577 809 4594 .
826 4539 927 4608 labent]
980 4541 1062 4591 decim
1071 4540 1132 4590 anni
1143 4543 1237 4592 solares
1248 4549 1306 4591 sunt
1314 4541 1362 4592 sibi
1373 4543 1481 4593 invicem

429 4639 479 4675 om.
496 4622 527 4672 Τ.
657 4626 659 4631 “
980 4623 1094 4685 equales,
1118 4623 1182 4673 elcut
1204 4636 1250 4671 nec
1273 4622 1339 4686 cycli
1359 4622 1482 4672 decenno·

462 4699 629 4766 'lunudmed
648 4714 697 4752 om.
708 4697 739 4751 Τ.
980 4703 1089 4764 venales,
1101 4702 1132 4752 T.
1144 4701 1260 4764 inmorg.

463 4777 622 4847 misaele]
647 4794 699 4831 non
721 4792 808 4831 omnes
834 4793 930 4833 neven·
1013 4780 1079 4847 ⁴82]
1092 4778 1184 4834 om'l'.
