3586 5640
717 822 804 874 orus
825 824 943 874 ursus
1291 808 1356 874 355

305 991 443 1058 Ethicus
476 999 684 1059 astronomus
715 995 751 1058 in
787 996 871 1060 libro
912 1015 971 1058 suo
1010 994 1067 1077 qui
1099 993 1358 1080 Cosmograpbia

304 1100 449 1176 vocatur,
489 1118 587 1181 quam
625 1098 808 1183 composuit
852 1097 983 1176 Graecis,
1024 1102 1059 1161 et
1104 1096 1284 1173 Hebraicis,
1324 1101 1359 1161 et

305 1197 433 1262 Latinis
470 1199 584 1278 literis,
626 1206 660 1264 et
698 1200 940 1265 characteribus
978 1198 1118 1284 propriis
1156 1198 1359 1263 intermixtis

304 1299 528 1386 [composuit],
555 1303 625 1388 ipse
656 1302 827 1388 vituperat
865 1301 1028 1366 Abraohis
1062 1305 1286 1365 astronomum
1324 1305 1359 1363 et

305 1408 448 1479 caeteros,
494 1404 552 1488 qui
597 1425 666 1469 non
719 1411 797 1470 sunt
850 1405 1047 1490 perscrutati
1099 1404 1232 1488 plagam
1285 1402 1359 1467 coeli

305 1505 538 1589 aquilonarem,
563 1508 620 1570 sed
650 1513 783 1572 tantum
815 1506 1060 1572 meridionalem
1083 1506 1119 1569 iu
1142 1528 1208 1591 qua
1229 1504 1360 1569 habita

305 1607 396 1673 bant.
442 1609 488 1672 Et
511 1608 746 1695 Hieronymus,
771 1610 897 1696 peritus
919 1609 956 1673 in
977 1609 1108 1695 linguis,
1130 1607 1304 1672 transtulit
1324 1607 1360 1671 iu

305 1708 390 1774 libro
413 1711 469 1775 illo
495 1733 569 1796 quse
591 1712 792 1777 videbantur
814 1713 845 1778 ei
867 1712 1057 1787 necessaria,
1081 1716 1116 1776 et
1138 1711 1220 1775 dicit
1242 1710 1278 1774 iu
1300 1730 1361 1773 sua

306 1813 531 1893 translatione,
578 1816 666 1899 quod
703 1816 785 1879 alias
822 1815 944 1880 fecerat
980 1813 1184 1879 mentionem
1221 1812 1263 1877 de
1300 1811 1361 1876 hac

307 1935 420 1978 mensa
442 1916 518 1980 solis
540 1917 577 1979 in
600 1917 764 2002 Epistolis.
824 1917 1034 2003 Quapropter
1064 1915 1134 2000 ejus
1164 1913 1362 1980 auctoritate

307 2016 436 2081 suffulti
466 2024 607 2103 possunt
628 2040 770 2084 asserere
796 2020 886 2104 quod
917 2040 1031 2083 mensa
1052 2018 1138 2098 solis,
1161 2017 1203 2082 ds
1225 2038 1292 2102 qua
1313 2016 1361 2080 lo·

307 2119 422 2202 quitur
444 2119 670 2205 Hieronymus
692 2122 729 2185 iu
752 2121 891 2207 Prologo
916 2121 1042 2197 Bibliae,
1066 2126 1117 2186 est
1141 2119 1199 2184 illa
1231 2120 1272 2184 de
1295 2139 1362 2203 qua

307 2220 446 2284 Etlrious
472 2222 654 2307 astrologus
680 2227 715 2287 et
738 2223 807 2309 ipse
831 2222 1057 2308 Hieronymus
1080 2222 1117 2286 in
1144 2220 1361 2286 translatione

306 2321 383 2384 libri
417 2322 507 2386 illius
543 2324 728 2410 philosophi
765 2325 892 2390 faciunt
929 2325 1138 2391 mentionem.
1194 2323 1261 2388 Sed
1294 2345 1361 2387 uon

307 2424 418 2508 potuit
440 2425 510 2489 haeo
532 2447 610 2505 esse,
631 2427 709 2511 quia
730 2427 789 2492 illa
811 2448 924 2492 mensa
946 2448 1046 2491 aurea
1067 2426 1133 2490 fuit
1156 2426 1192 2489 in
1214 2430 1361 2510 tempore

308 2526 442 2611 Septem
466 2528 669 2613 Sapientum,
692 2535 732 2594 ut
755 2530 891 2616 planum
917 2534 978 2594 est.
1025 2529 1090 2593 Sed
1113 2528 1233 2614 Apollo
1255 2528 1360 2613 philo

307 2629 436 2714 sophus,
453 2630 494 2694 de
517 2653 581 2718 quo
604 2632 827 2718 Hieronymus
850 2631 998 2717 loquitur
1018 2631 1055 2694 in
1080 2630 1216 2716 Prologo
1239 2651 1361 2695 memo-

309 2736 391 2810 rato,
415 2733 571 2798 nonfuit
594 2734 659 2798 illis
682 2736 895 2821 temporibus,
919 2734 1002 2818 'quia
1024 2733 1074 2796 illi
1106 2733 1166 2796 soli
1190 2731 1361 2816 Sapientes

309 2833 442 2917 Septem
465 2835 601 2900 fuerunt
631 2843 713 2902 tuuc
744 2838 921 2902 secundum
945 2835 1171 2921 Augustinum
1201 2834 1286 2896 libro
1310 2833 1362 2896 De

310 2934 455 3002 Civitate
472 2938 557 3017 Dei‚¹
571 2945 611 3003 ut
626 2943 720 3024 patet
742 2939 885 3002 secunda
906 2943 1000 3021 parte
1023 2935 1129 3020 operis
1152 2935 1240 3019 quod
1255 2940 1362 2998 trans-

309 3039 417 3118 mitte,
441 3041 499 3104 ubi
521 3046 599 3104 texo
626 3046 777 3125 tempora
798 3039 1001 3124 singulorum
1025 3038 1211 3121 sapientum
1234 3037 1269 3099 in
1293 3036 1363 3120 phi-

308 3139 456 3227 losophia
478 3164 498 3204 a
520 3142 679 3226 principio
702 3141 826 3204 mundi.
872 3140 909 3204 Si
928 3139 1028 3203 etiam
1043 3138 1098 3202 ille
1112 3137 1231 3223 Apollo
1247 3138 1362 3203 fuisset

307 3248 455 3327 tempore
485 3242 619 3326 Septem
650 3242 855 3326 Sapientum,
878 3240 994 3305 fuisset
1015 3261 1074 3325 pro
1097 3246 1185 3305 certo
1216 3244 1360 3306 octavus.

308 3344 397 3407 Nam
421 3345 517 3428 longe
540 3343 605 3407 fuit
627 3344 806 3429 sapientior
829 3343 981 3408 omnibus
1003 3343 1075 3417 illis,
1093 3349 1131 3408 ut
1151 3342 1244 3407 facile
1265 3348 1359 3428 patet

307 3468 366 3532 per
391 3445 473 3508 illud
499 3465 604 3508 canon
630 3452 665 3510 et
691 3466 733 3508 ex
759 3445 898 3530 epistola
925 3445 1130 3530 Hieronymi.
1177 3445 1267 3510 Nam
1290 3443 1360 3510 Au}

308 3548 461 3635 gostinus
484 3547 579 3610 docet
601 3547 728 3632 pondus
751 3547 881 3611 illorum
901 3546 1034 3633 Septem
1051 3548 1253 3633 Sapientum,
1271 3547 1357 3632 quod

306 3672 374 3715 non
397 3655 482 3714 esset
504 3670 662 3734 magnum
684 3655 832 3736 respectu
858 3651 1066 3734 sequentium
1092 3649 1359 3734 philosophorum

308 3775 366 3819 nec
388 3752 667 3839 praecedentium
690 3752 841 3837 quamvis
863 3759 1012 3838 respectu
1033 3753 1122 3816 illius
1144 3752 1301 3837 temporis
1323 3751 1360 3815 iu

308 3878 373 3941 quo
395 3855 558 3941 sapientia
579 3853 645 3918 fuit
667 3856 776 3940 sopita
798 3854 992 3919 dicebantur
1014 3855 1185 3940 sapientes.

353 3958 467 4023 Potest
489 3959 590 4022 etiam
616 3957 729 4021 inferri
764 3956 952 4043 exemplum
975 3957 1017 4021 de
1039 3957 1131 4020 Ezec.
1155 3955 1248 4018 xxiii.
1275 3954 1357 4041 [41],
1371 3958 1511 4021 Ignorance

308 4061 349 4125 de
375 4060 509 4125 muliere
541 4082 615 4145 quae
645 4060 731 4125 sedit
752 4059 789 4123 in
815 4060 899 4124 lecto
924 4066 959 4125 et
987 4081 1100 4124 mensa
1124 4063 1174 4122 est
1198 4058 1358 4124 ordinata.
1371 4026 1502 4159 ἓῖοζξὴω

309 4163 405 4227 Istud
438 4163 617 4248 exponitur
650 4163 692 4227 de
721 4162 944 4242 fornicatione,
968 4167 1008 4227 ut
1029 4162 1191 4248 glossator
1213 4160 1302 4239 dicit,
1325 4166 1360 4227 et

308 4266 443 4330 adducit
464 4289 596 4331 versum
620 4266 734 4331 Ovidii
758 4266 913 4331 dicentis:

398 4410 472 4475 “Et
495 4411 573 4496 quia
594 4410 685 4475 nuda
706 4410 762 4487 fui,
786 4432 859 4475 sum
881 4430 994 4476 mensa
1015 4408 1161 4495 paratior
1182 4407 1260 4473 illi.''

634 4688 640 4718 ¹
655 4687 696 4738 De
708 4688 812 4738 Ciuitate
823 4685 888 4755 Det]
908 4687 980 4740 xviii.
992 4694 1031 4740 25.

1161 4784 1182 4835 z
1204 4774 1225 4835 2
