3586 5640
462 762 506 828 28
836 778 964 831 rosum
987 780 1132 832 mcorrs
1421 773 1510 863 [ω.

458 971 518 1015 nec
552 950 589 1015 in
619 972 682 1016 usu
715 957 911 1032 sanctorum,
947 973 1029 1037 quas
1059 953 1204 1020 rationes
1236 955 1342 1021 scribo
1374 957 1410 1022 in
1445 957 1511 1025 fine

457 1052 573 1139 primae
596 1053 700 1169 partis
723 1052 840 1139 Operis
863 1052 1020 1139 Majoris.¹

292 1175 315 1218 a
334 1167 400 1219 Λιιι
383 1185 429 1220 na
503 1153 549 1220 Et
579 1155 608 1219 si
639 1155 759 1220 obnixe
791 1156 898 1220 adhuc
931 1157 1032 1221 tertio
1066 1156 1250 1242 objiciatur,
1285 1161 1374 1246 quod
1404 1163 1511 1228 saneti

289 1233 386 1351 Beltrm
351 1302 384 1351 a„
456 1255 568 1342 aliqua
589 1256 793 1342 redarguunt
819 1258 861 1322 de
894 1256 954 1336 his,
979 1279 1054 1343 quae
1077 1259 1191 1340 scribo,
1215 1264 1250 1325 et
1273 1260 1453 1328 Gratianus
1475 1271 1510 1331 et

291 1367 412 1419 mvelties
456 1357 522 1437 alii,
538 1359 718 1444 respondeo
740 1358 829 1444 quod
850 1379 1021 1444 nunquam
1042 1359 1107 1425 fuit
1128 1366 1259 1447 tempus
1274 1364 1355 1448 quin
1370 1387 1509 1450 eaquae

290 1434 434 1486 mature
457 1459 498 1524 de
519 1481 607 1524 novo
633 1464 874 1546 proponuntur,
897 1459 1043 1526 habeant
1074 1464 1376 1546 contradictionem,
1407 1467 1509 1532 etiam

289 1502 416 1618 malleus·
456 1583 477 1625 a
506 1561 630 1627 sanctis
659 1565 693 1626 et
716 1583 737 1626 a
769 1560 864 1626 bonis
886 1563 976 1642 viria,
999 1567 1034 1628 et
1065 1584 1086 1627 a
1119 1563 1367 1651 sapientibus,
1357 1587 1395 1632 ιιι
1425 1568 1509 1649 aliis,

289 1646 314 1695 ⁹¹
315 1648 378 1685 ⁰¹⁰²·
455 1662 533 1729 lioet
554 1684 623 1728 non
643 1662 681 1728 in
702 1662 763 1742 his,
784 1683 858 1748 quae
880 1662 1153 1730 inconvenienter
1172 1667 1360 1753 reprobant.
1393 1668 1509 1736 Aaron

455 1768 491 1831 et
524 1764 631 1829 Maria
664 1765 860 1830 restiterunt
891 1764 997 1843 Moisi,
1030 1769 1071 1830 ut
1102 1765 1244 1832 habetur
1275 1768 1402 1835 decimo
1434 1770 1507 1836 Nu·

456 1886 643 1946 merorum
679 1871 713 1930 et
746 1869 860 1931 tamen
888 1865 1004 1933 Aaron
1036 1872 1169 1932 sanctus
1199 1873 1258 1946 est,
1287 1874 1322 1934 et
1353 1869 1508 1937 similiter

455 1967 600 2034 creditur
631 1967 673 2034 de
704 1966 818 2033 Maria
876 1966 998 2033 Omnes
1024 1968 1130 2034 sancti
1152 1972 1187 2034 et
1209 1969 1375 2056 sapientes
1396 1992 1507 2059 repro·

455 2071 618 2138 baverunt
654 2069 907 2135 translationem
945 2069 1056 2136 beati⁸
1086 2069 1289 2158 Hieronymi
1318 2072 1355 2136 in
1384 2071 1505 2152 Biblia

456 2178 491 2240 et
524 2176 727 2239 vocavenmt
760 2192 837 2236 eum
870 2171 1040 2236 suharium
1071 2176 1106 2238 et
1136 2177 1359 2260 corruptorem
1397 2173 1507 2262 Scrip-

456 2280 563 2342 tumr:
594 2273 684 2341 unde
705 2270 821 2338 beatus
844 2272 1054 2360 Augustinus
1076 2273 1164 2339 dixit
1190 2272 1240 2340 ei³
1262 2276 1370 2342 multa
1391 2297 1507 2364 oppro

455 2377 537 2455 bria,
575 2379 611 2441 et
647 2374 759 2441 eaeteri
796 2375 904 2440 sancti
942 2374 1129 2441 deriserunt
1171 2398 1274 2459 eum3
1319 2383 1355 2444 et
1393 2384 1506 2445 tamen

454 2477 631 2566 praevoluit
660 2480 735 2564 post
760 2480 901 2541 mortem
928 2475 1128 2562 Hieronymi
1150 2498 1210 2541 sua
1231 2479 1416 2560 translatio,
1440 2503 1506 2566 qua

453 2602 542 2647 nunc
575 2583 649 2646 tota
683 2576 918 2645 Christianitas
951 2576 1061 2642 utitur
1091 2576 1293 2643 latinorum
1341 2578 1503 2647 Similiter

319 2722 321 2728 =
453 2688 529 2772 post
553 2686 695 2749 mortem
723 2680 814 2747 beati
844 2678 1003 2766 Gregorii,
1026 2679 1205 2745 voluerunt
1236 2679 1385 2747 homines
1416 2703 1502 2748 oom-

452 2787 570 2853 burere
600 2784 702 2849 libros
731 2783 809 2869 ejus,
848 2782 906 2868 qui
939 2783 1052 2846 tamen
1086 2784 1166 2846 sunt
1195 2781 1313 2868 optimi
1343 2788 1378 2848 et
1411 2804 1504 2850 sanc·

452 2887 580 2954 tissimi
640 2884 798 2972 Theologi
835 2883 988 2963 Parisius,
1026 2887 1062 2947 et
1099 2883 1277 2969 episcopus,
1313 2889 1348 2949 et
1390 2904 1502 2952 omnes

284 2992 442 3111 Fonppneqn
452 2990 624 3080 sapientes,
650 2987 722 3074 jam
759 2984 802 3051 ab
839 2985 936 3050 annis
974 2984 1103 3050 circiter
1140 2984 1371 3072 quadraginta,
1410 2987 1502 3052 dam·

285 3075 365 3178 {Zp}
366 3127 441 3179 m„
417 3090 617 3159 naverunt
651 3094 686 3155 et
717 3087 1086 3154 excommunicavenmt
1118 3085 1219 3151 libros
1256 3085 1430 3153 Naturalis
1467 3094 1503 3154 et

284 3193 410 3260 raiphyses
450 3193 686 3281 Metaphysioae
717 3190 930 3270 Aristotelis3
961 3188 1019 3274 qui
1052 3208 1142 3252 nuno
1175 3188 1218 3253 ab
1241 3189 1393 3254 omnibus
1420 3189 1501 3256 reei-

284 3261 416 3378 “igffl'
449 3297 588 3385 piuntur
609 3316 668 3381 pro
691 3314 772 3358 sana
794 3297 830 3357 et
852 3290 928 3356 utili
960 3289 1117 3355 doctrina
1173 3287 1271 3356 Certe
1301 3290 1401 3356 multi
1431 3291 1502 3356 fue·

283 3393 427 3450 demuma
449 3402 530 3464 runt
551 3396 657 3462 saneti
680 3399 715 3461 et
736 3393 815 3459 boni
836 3392 928 3458 inter
941 3390 1079 3458 «ludaeos
1097 3390 1230 3478 quando
1253 3391 1428 3458 crucifixus
1450 3397 1501 3460 est

284 3458 363 3512 Pari·
449 3499 621 3579 Dominus,
660 3501 696 3563 et
731 3500 845 3562 tamen
882 3515 995 3560 omnes
1029 3493 1226 3559 dimiserunt
1252 3492 1349 3575 Eum,
1379 3501 1501 3582 praeter

449 3603 593 3669 Matrem
627 3621 730 3680 suam,
760 3602 796 3664 et
817 3596 953 3663 beatum
979 3595 1176 3676 Johannem,
1208 3600 1244 3661 et
1280 3596 1430 3679 Marias3
1465 3603 1501 3663 et

449 3705 570 3771 dieitur
606 3702 713 3768 adhuc
750 3700 839 3786 quod
875 3699 945 3764 sola
983 3698 1092 3764 Mater
1125 3697 1190 3763 Dei
1223 3697 1324 3764 fidem
1358 3697 1499 3765 rectam‘

448 3805 574 3873 habuit
634 3803 743 3869 Tanta
779 3806 831 3868 est
867 3802 1012 3866 humana
1048 3799 1221 3886 fragilitas,
1259 3800 1348 3885 quod
1388 3800 1497 3865 sancti

447 3908 550 3976 etiam
573 3904 700 3992 aliquid
721 3905 904 3970 humanum
925 3923 1012 3988 saepe
1034 3901 1123 3987 passi
1144 3905 1244 3981 sunt3
1276 3898 1377 3965 multi
1407 3900 1497 3966 enim

447 4009 554 4077 sancti
577 4012 710 4096 propter
732 4006 944 4072 acerbitatem
963 4023 1136 4090 poenarum
1157 4006 1364 4088 negaverunt
1386 3999 1496 4067 Chris·

448 4117 522 4178 tum
558 4110 601 4176 ad
643 4115 782 4196 tempus,
819 4107 898 4173 lieet
934 4109 1048 4192 postea
1084 4102 1254 4169 redierunt
1290 4102 1333 4167 ad
1371 4107 1496 4170 statum

480 4437 593 4504 ὈΜ
612 4434 734 4503 Majorir]
760 4433 830 4498 Opus
852 4431 945 4497 Malus,
995 4415 1157 4547 xima]
1202 4414 1249 4468 See
1266 4414 1398 4482 especially
1415 4416 1497 4484 Epist.

446 4525 524 4586 P·²⁰·
1027 4588 1148 4656 ‘recem
1187 4561 1263 4652 ιῖιιι,
1291 4588 1323 4641 Τ.
1355 4601 1433 4649 rasni,
1462 4585 1492 4639 B.

479 4673 577 4741 uae]
595 4671 725 4733 motw-
992 4665 1107 4719 ulmea
