3586 5640
308 790 417 876 xus]
701 807 790 856 orus
811 807 971 858 murrum
1296 795 1359 857 185

307 981 470 1067 estquod
486 1001 614 1066 eaquae
635 981 725 1046 dicta
751 986 839 1060 sunt,
857 1004 935 1047 vera
950 984 1029 1046 sunt
1055 982 1096 1046 de
1120 981 1227 1067 spatio
1254 982 1357 1058 finito,

308 1087 343 1148 et
365 1088 527 1168 quantum
550 1083 593 1147 ad
614 1083 832 1169 privationem
853 1083 1098 1170 spiritualitatis
1119 1082 1226 1148 adhuc
1245 1106 1360 1149 verum

309 1189 367 1261 est,
391 1184 481 1271 quod
508 1185 592 1250 sicut
621 1207 728 1272 neque
758 1185 901 1272 spatium
928 1186 1061 1251 finitum
1087 1186 1361 1273 comparationem

308 1285 410 1352 habet
435 1287 480 1351 ad
503 1287 665 1373 spiritum,
694 1288 740 1352 sic
770 1310 875 1373 neque
906 1289 1049 1375 spatium
1075 1288 1250 1353 infinitum.
1297 1287 1363 1354 Sed

307 1388 377 1455 haec
406 1389 549 1475 privatio
581 1389 835 1476 comparationis
865 1390 985 1455 sufficit
1026 1413 1085 1476 pro
1115 1391 1223 1477 spatio
1257 1390 1363 1471 finito,

308 1497 438 1556 utnon
463 1490 550 1556 absit
574 1491 672 1557 alicui
697 1492 784 1578 parti
811 1491 903 1578 ejus;
929 1514 997 1557 non
1021 1498 1133 1558 tamen
1158 1493 1277 1557 sufficit
1301 1490 1363 1556 hoc

307 1593 351 1658 ad
390 1593 534 1680 spatium
572 1594 751 1674 infinitum,
786 1595 864 1680 quia
902 1595 1037 1681 angelus
1080 1608 1114 1660 et
1153 1600 1205 1660 est
1239 1599 1362 1659 natura

308 1695 497 1782 spiritualis,
521 1701 555 1761 et
585 1701 636 1761 est
666 1702 823 1774 creatura,
854 1704 888 1762 et
919 1698 1076 1783 potentiae
1106 1697 1219 1762 finitae.
1267 1689 1364 1777 Quod

308 1799 414 1885 igitur
443 1821 511 1864 non
540 1799 628 1864 absit
657 1800 755 1865 alicui
797 1800 883 1886 parti
914 1801 1013 1887 spatii
1052 1800 1186 1879 infiniti,
1218 1822 1285 1864 non
1315 1823 1364 1865 re·

309 1906 438 1988 pugnat
467 1902 584 1989 angelo
608 1901 644 1965 in
670 1908 832 1988 quantum
860 1908 910 1968 cst
933 1909 1054 1967 natura
1077 1902 1267 1989 spiritualis,
1306 1901 1364 1967 sed

308 2004 529 2090 inquantum
553 2009 603 2069 est
626 2010 784 2082 creatura,
801 2009 836 2069 et
858 2005 1043 2091 potentiam
1074 2005 1198 2070 habens
1222 2005 1363 2070 finitam.

310 2106 355 2171 Et
386 2107 460 2172 idco
488 2106 546 2171 illa
575 2128 672 2172 cultus
702 2107 896 2193 privationis
926 2107 1084 2173 absentiae
1120 2107 1283 2194 angelicus,
1311 2129 1361 2172 re-

304 2215 419 2297 spectu
442 2209 617 2295 cujuslibet
641 2210 746 2297 partis
777 2209 885 2296 spatii,
917 2215 1050 2296 propter
1081 2215 1237 2275 naturam
1266 2210 1362 2296 spiri-

306 2312 482 2392 tualitatis,
507 2311 724 2398 intelligenda
748 2317 799 2377 cst
830 2312 871 2377 de
899 2312 1007 2399 spatio
1028 2312 1134 2393 finito,
1158 2313 1246 2378 sicut
1274 2313 1363 2378 inter

310 2415 429 2481 coelum
444 2419 479 2479 et
493 2419 624 2479 terram.
671 2413 704 2478 N
706 2435 742 2479 ec
756 2419 886 2500 oportet
902 2437 961 2479 nos
985 2415 1076 2500 loqui
1100 2415 1141 2481 de
1157 2416 1221 2480 alio
1246 2415 1363 2502 spatio,

311 2517 390 2603 quia
423 2516 552 2581 nullum
575 2516 666 2581 aliud
689 2521 747 2593 est,
781 2539 819 2582 eo
854 2517 943 2603 quod
976 2518 1120 2582 mundus
1154 2523 1206 2583 est
1237 2518 1362 2583 finitus.

313 2620 358 2684 Et
380 2619 454 2684 ideo
477 2639 582 2683 sermo
605 2618 746 2683 refertur
767 2620 811 2684 ad
833 2620 977 2704 spatium
993 2620 1150 2701 finitum;
1174 2626 1208 2685 et
1230 2627 1365 2707 propter
1376 2644 1416 2695 Α,
1428 2644 1470 2694 the

313 2722 382 2799 hoc,
407 2721 436 2786 si
458 2721 604 2807 fingatur
626 2720 769 2807 spatium
784 2721 964 2803 infinitum,
990 2726 1071 2787 tunc
1095 2727 1225 2808 oportet
1247 2723 1362 2804 dicere,
1376 2711 1505 2829 affin

313 2830 352 2890 ut
374 2846 462 2889 nuuc
484 2829 610 2888 tactum
634 2833 691 2890 est.
737 2824 782 2889 Et
804 2845 862 2911 per
876 2824 938 2889 hoc
955 2829 1033 2889 tune
1048 2823 1188 2889 habetur
1203 2826 1364 2910 quomodo
1377 2845 1419 2894 the
1431 2844 1505 2908 body,

314 2928 425 2993 anima
458 2925 630 2992 rationalis
661 2931 712 2991 est
745 2927 781 2991 in
815 2948 955 3013 corpore.
1002 2925 1134 2990 Dicitur
1166 2925 1254 2989 enim
1277 2916 1485 3041 quodllfgffit
1505 2975 1533 3025 in

314 3036 365 3096 est
401 3029 524 3116 ubique
562 3028 597 3092 in
635 3051 776 3116 corpore,
809 3033 844 3094 et
878 3029 914 3092 in
947 3027 1087 3114 singulis
1124 3027 1283 3113 partibus,
1307 3011 1508 3102 sedtheheait,

315 3140 428 3200 tamen
450 3154 517 3198 non
539 3131 694 3208 localiter,
728 3132 786 3198 sed
817 3136 857 3196 ut
888 3131 994 3196 forma
1017 3135 1051 3196 et
1073 3130 1230 3216 perfectio
1253 3152 1364 3218 corpo·
1378 3109 1532 3226 {effitffib‘

311 3237 369 3315 ris,
408 3257 452 3300 ex
490 3255 556 3321 quo
590 3256 665 3300 cum
703 3255 836 3321 corpore
866 3234 907 3299 fit
936 3229 1060 3298 unum¹
1094 3255 1152 3320 per
1181 3234 1504 3312 assentientibus

315 3338 439 3405 scilicet
473 3359 540 3404 una
584 3359 745 3424 persona;
779 3359 853 3423 quse
897 3343 1008 3403 tamen
1046 3359 1114 3402 non
1161 3337 1234 3403 ideo
1265 3338 1366 3403 habet

313 3441 417 3506 situm
440 3440 477 3504 in
498 3445 570 3505 toto
594 3461 735 3526 corpore,
751 3462 811 3505 nec
833 3440 868 3505 in
890 3440 1001 3526 aliqua
1023 3446 1126 3527 parte,
1148 3463 1208 3507 nec
1231 3447 1367 3528 occupat

315 3547 425 3608 totum
460 3563 519 3608 nec
550 3547 678 3628 partem
712 3541 880 3621 localiter;
912 3543 989 3608 licet
1012 3565 1155 3629 praesens
1178 3545 1276 3620 cordi,
1300 3566 1367 3608 non

316 3645 410 3711 abest
432 3644 533 3732 capiti
556 3666 616 3710 nec
639 3644 724 3731 pedi,
740 3666 800 3710 nec
822 3644 925 3711 distat
947 3645 990 3709 ab
1013 3646 1081 3723 eis;
1104 3647 1183 3731 quia
1205 3646 1296 3710 nulla
1317 3650 1368 3710 eat

315 3747 475 3812 distantia
498 3746 673 3834 corporalia
696 3751 844 3835 respectu
868 3747 1003 3833 spiritus
1026 3747 1222 3812 annotanda.

771 4031 850 4100 Car.
875 4029 909 4097 L.

361 4217 456 4287 TOTA
478 4243 555 4288 vero
578 4220 850 4308 disputatioista
872 4221 1032 4286 fundatur
1058 4239 1155 4308 super
1185 4221 1254 4302 hoc,
1278 4219 1365 4309 quod
1380 4241 1513 4307 eorporffil

317 4317 477 4390 distantia
520 4325 694 4411 corporalis
731 4325 936 4391 considerata
980 4329 1127 4412 respectu
1172 4308 1509 4393 substantiael'l‘claud

316 4426 497 4514 spiritualis
521 4432 680 4513 tanquam
703 4426 796 4507 nihil,
820 4433 855 4494 et
877 4425 950 4495 ideo
973 4427 1098 4494 nullam
1121 4431 1365 4517 proportionem
1378 4377 1490 4494 iiiiii

584 4730 591 4762 ¹
610 4738 633 4782 et
644 4731 669 4781 iu
681 4728 781 4797 sinque
798 4768 804 4781 .
822 4711 854 4783 .⁴.
872 4768 878 4784 .
896 4730 981 4798 uuum]
1001 4748 1049 4784 om.
1063 4722 1092 4783 '1⁴⁵
