3586 5640
304 778 440 868 nuru]
699 791 787 842 orus
809 790 974 845 rssrrurr.
1290 783 1357 849 303

304 970 456 1036 omnibus
478 965 692 1057 'sapientibus
725 970 761 1034 in
794 969 855 1037 hnc
881 974 960 1036 erte
1022 968 1138 1037 Sancti
1171 971 1267 1052 enirn,
1298 974 1357 1060 qui

303 1073 408 1160 primo
431 1073 587 1150 fecerunt,
611 1078 651 1137 ut
673 1072 789 1138 beatus
803 1072 1006 1153 Ambrosius,
1023 1079 1058 1139 et
1080 1074 1296 1161 Augustinus,
1320 1083 1356 1143 et

305 1177 405 1256 Beda,
427 1181 462 1241 et
483 1176 550 1256 elii,
574 1176 698 1262 optimc
729 1181 895 1242 noverunt
923 1177 1011 1265 leges
1033 1181 1068 1243 et
1091 1177 1235 1243 rationes
1257 1181 1355 1245 metri

303 1283 338 1345 et
369 1278 543 1367 rhythmi;
580 1283 616 1343 et
651 1278 829 1344 secundum
866 1279 938 1345 vius
975 1280 1056 1345 artis
1085 1279 1240 1359 fecerunt,
1280 1289 1355 1348 tnn-

304 1404 403 1467 quom
429 1385 629 1469 potestatem
662 1381 810 1448 scientius
836 1382 1004 1463 hebentes,
1039 1387 1073 1448 et
1106 1405 1174 1449 non
1204 1405 1225 1448 n
1256 1384 1353 1450 cesu¹

231 1572 233 1579 Ι
305 1489 485 1572 operantes,
508 1485 593 1552 sicut
616 1484 774 1568 moderni,
798 1485 856 1570 qui
877 1485 1012 1573 fingunt
1034 1485 1122 1572 quod
1144 1485 1270 1554 volunt.

707 1807 787 1876 Cer.
811 1805 944 1874 LXXV.

351 2017 529 2098 Quaerunt
562 2019 613 2082 est
642 2014 769 2101 inquo
795 2014 1002 2103 philosophia
1034 2016 1168 2083 musices
1201 2020 1357 2103 potenter
1371 2037 1520 2106 menching.

307 2120 470 2186 deservire
493 2123 603 2206 potest
625 2117 775 2195 ecclcsioe‚
805 2118 928 2185 scilicet
959 2118 996 2183 in
1019 2118 1124 2185 officio
1146 2119 1357 2207 praedicundi,

305 2223 384 2288 licet
422 2223 529 2309 primu
566 2221 648 2286 fecie
684 2220 840 2286 videntur
876 2221 1064 2287 absurdum.
1135 2223 1209 2288 Hoc
1246 2227 1358 2288 sutem

307 2325 450 2389 officium
481 2345 548 2388 non
570 2322 717 2410 pertinet
747 2323 791 2388 ed
814 2323 970 2404 studium,
994 2325 1073 2410 quis
1106 2325 1141 2389 in
1163 2326 1302 2392 lectione
1325 2330 1360 2391 et

308 2427 534 2513 disputatione
565 2426 726 2492 consistit.
774 2425 840 2492 Sed
863 2426 1055 2513 praedicstio
1077 2427 1118 2494 fit
1139 2427 1292 2495 fidelibus
1325 2433 1361 2495 et

308 2529 508 2610 infidelibus,
531 2528 625 2594 lalcis
647 2534 682 2595 et
705 2528 836 2594 clericis

355 2631 520 2699 Creterum
543 2653 612 2697 non
625 2636 765 2719 possunt
779 2632 883 2718 aliqui
898 2632 1085 2720 praedicure,
1101 2634 1166 2699 nisi
1180 2634 1363 2702 mittuntur

309 2736 506 2802 auctoritate
529 2735 752 2822 praelatorum
800 2735 901 2801 Unde
933 2736 994 2801 hoc
1017 2735 1159 2802 officium
1193 2739 1362 2825 proprium

308 2845 358 2906 est
395 2839 617 2926 praelutorum,
652 2842 688 2903 et
720 2838 762 2902 nb
793 2837 836 2902 iis
870 2839 1061 2904 conceditur
1083 2839 1165 2920 eliis,
1201 2842 1258 2926 qni
1291 2842 1363 2906 vice

308 2965 421 3009 corum
459 2941 665 3027 funguntur3
689 2945 724 3005 et
755 2940 830 3005 ideo
861 2962 929 3005 non
961 2942 1004 3006 nd
1036 2941 1183 3005 studium
1217 2943 1363 3028 pertinet

307 3046 466 3125 absolute,
490 3044 547 3109 sed
581 3043 624 3108 ud
657 3043 833 3109 ecclesiam.
881 3041 978 3124 Quod
1012 3046 1124 3108 nutem
1158 3043 1364 3131 philosophis

308 3149 476 3214 ministret
498 3168 653 3234 magnam
676 3149 875 3233 potestatem
898 3144 1124 3232 persuasionis,
1159 3146 1240 3211 entis
1271 3151 1364 3233 petet

308 3273 351 3318 ex
387 3252 448 3329 his,
489 3272 563 3336 quae
597 3249 673 3313 misi
711 3248 747 3311 in
784 3247 935 3334 pertibus
967 3247 1104 3314 Moralis
1141 3249 1362 3336 philosophiee.

310 3354 399 3420 Num
432 3353 480 3418 ibi
511 3352 636 3417 radices
673 3350 892 3437 persuasionis
925 3351 1062 3430 revolvi,
1084 3356 1155 3416 tam
1185 3353 1363 3418 secundum

311 3456 493 3522 doctrinam
540 3459 729 3520 sanctorum
767 3474 866 3538 quom
904 3453 1183 3540 philosophorum,
1229 3462 1365 3543 propter

309 3582 450 3647 quarum
485 3558 634 3623 radicum
668 3555 893 3642 ignorantiam
916 3556 1004 3644 perit
1025 3560 1099 3622 tote
1129 3558 1215 3623 ratio
1245 3559 1364 3645 proedi-

310 3662 406 3729 condi
431 3661 520 3748 apud
541 3658 688 3745 vulgum,
712 3663 747 3723 et
769 3679 822 3722 ers
844 3658 916 3744 ipsu
937 3659 1117 3746 ignoretur.
1148 3659 1194 3724 Et
1209 3661 1363 3745 quonium

310 3765 461 3830 infideles
484 3762 609 3828 habent
625 3760 739 3824 modos
755 3759 884 3826 debitos
906 3760 1125 3847 persuadendi
1147 3761 1184 3824 in
1206 3762 1267 3842 bis,
1290 3784 1364 3847 quse

310 3867 479 3955 pertinent
508 3865 551 3929 ed
581 3883 644 3940 eos,
675 3862 749 3928 ideo
779 3862 896 3927 modus
933 3862 1032 3948 hujus
1065 3862 1284 3948 persuasionis
1314 3869 1365 3930 est

311 3968 564 4059 philosophicus,
592 3965 672 4052 quin
696 3966 879 4031 communis
902 3970 953 4030 est
986 3964 1139 4030 fidelibus
1167 3969 1202 4030 et
1222 3966 1365 4033 infideli-

311 4076 381 4140 bus.
428 4072 473 4137 Et
495 4075 629 4158 propter
651 4067 712 4133 hoc
734 4091 777 4134 ex
797 4067 945 4134 fontibus
964 4067 1181 4155 philosophice
1196 4069 1365 4137 descendit

311 4177 428 4242 modus
449 4194 537 4239 unus
559 4171 709 4259 specialis
743 4170 780 4235 in
802 4169 863 4236 hac
896 4175 1001 4258 parte,
1024 4171 1176 4257 quumvis
1209 4177 1245 4239 et
1277 4173 1364 4241 elius

310 4279 429 4345 modus
463 4279 615 4341 sumetur
652 4295 696 4339 ex
733 4273 884 4340 doctrine
905 4278 1102 4341 sanctorum
1149 4272 1215 4340 Sed
1248 4277 1365 4343 modus

310 4379 524 4470 philosophice
569 4377 696 4465 primus
733 4383 795 4457 est,
832 4381 867 4443 et
904 4377 1053 4465 disponit
1088 4397 1148 4443 nos
1186 4377 1229 4444 cd
1273 4380 1363 4447 vium

713 4703 966 4770 'caruJeusuctlb
