3586 5640
441 787 507 852 260
814 799 941 849 nounnr
965 798 1112 849 siconis
1405 783 1493 870 [cur.

440 969 481 1028 ut
503 963 638 1050 ignarus
660 967 695 1026 et
716 962 906 1048 hujusmodi
918 987 927 1042 ;
957 967 992 1026 et
1006 961 1174 1048 genitivus
1200 961 1237 1025 in
1259 960 1344 1042 uris,
1367 966 1407 1026 ut
1429 963 1494 1027 cal·

441 1064 532 1131 caris
590 1064 689 1130 Unde
712 1064 864 1130 Lucanus
889 1066 946 1152 [iv.
970 1064 1081 1150 760.]:

511 1209 529 1239 “
545 1203 616 1269 Nec
649 1202 801 1289 quemvis
835 1203 957 1268 crebris
989 1201 1073 1287 jussi
1104 1202 1284 1269 calcaribus
1317 1203 1497 1283 addunt;”

469 1341 527 1407 sed
550 1341 848 1427 aliacorripiuntur,
871 1346 910 1406 ut
933 1341 1084 1405 nectaris

486 1465 511 1509 a
541 1449 621 1508 ante
650 1464 667 1507 s
700 1442 873 1508 breviatur
902 1442 939 1505 in
970 1442 1158 1528 primitivis,
1191 1447 1231 1506 ut
1264 1441 1395 1520 extrem,
1426 1441 1495 1507 Dae

441 1567 560 1623 marus,
598 1544 769 1611 Caucasus
828 1543 989 1625 Quaedam
1030 1545 1261 1631 corripiuntur,
1301 1567 1376 1630 quae
1412 1551 1495 1611 nota

442 1653 529 1713 sunt

486 1771 510 1815 a
532 1755 610 1815 ante
632 1756 646 1815 t
667 1746 704 1814 in
726 1748 906 1835 primitivis
927 1748 1108 1828 breviatur,
1127 1752 1166 1812 ut
1189 1747 1348 1834 Ephrsta,
1364 1748 1494 1829 Galate,

441 1852 575 1918 calatus
622 1850 705 1932 Quae
736 1857 849 1916 tamen
880 1850 916 1914 in
948 1857 1018 1915 ates
1049 1849 1206 1915 desinunt
1238 1851 1427 1938 longantur,
1452 1858 1493 1917 ut

442 1954 637 2041 Euphrates,
662 1953 883 2018 Mithridates.
929 1952 1152 2039 Excipiuntnr
1174 1951 1324 2018 Socrates
1346 1958 1381 2018 et
1402 1953 1493 2019 sche-

440 2055 588 2122 nobatas.
635 2055 820 2142 Spartiates
844 2055 882 2119 in
904 2054 1103 2121 Machabaeis
1132 2055 1332 2141 producitur,
1356 2055 1435 2141 quia
1457 2056 1494 2120 in

441 2157 557 2225 (ineoo
579 2159 710 2225 acuitur
730 2158 922 2244 penultima

489 2260 669 2347 Spartiatae
691 2267 770 2325 sunt
793 2259 1038 2324 Laoedemones
1091 2259 1253 2346 Aphatim
1275 2280 1335 2345 pro
1357 2257 1495 2326 abunde

440 2363 624 2448 corripitur,
648 2362 706 2426 sed
728 2383 787 2447 pro
802 2360 959 2446 facunde
980 2360 1180 2447 producitur.

485 2471 601 2530 eante
631 2463 650 2529 b
672 2463 872 2550 producitur,
895 2469 935 2528 nt
961 2463 1105 2549 ephebus
1129 2463 1165 2527 in
1188 2462 1409 2543 Machebaeis3
1435 2485 1493 2529 ex-

439 2567 563 2652 cipitur
585 2565 725 2646 Fsebom
748 2571 783 2630 et
805 2587 880 2650 quse
901 2571 980 2630 sunt
1002 2570 1091 2630 nota.

485 2672 606 2733 cante
637 2689 655 2733 ο
687 2667 888 2754 producitur,
911 2672 951 2733 ut
984 2666 1151 2753 apotheca,
1183 2667 1340 2733 vervecis.
1395 2667 1495 2734 Exei-

440 2769 586 2855 piuntur,
608 2775 649 2835 ut
671 2768 849 2847 seminecis,
874 2773 909 2833 et
930 2768 996 2832 alia
1018 2789 1092 2853 quae
1113 2773 1194 2834 nota
1214 2774 1302 2834 sunt

485 2893 501 2937 e
524 2877 602 2938 ante
629 2871 655 2938 d
680 2872 879 2958 producitur,
902 2876 943 2935 ut
964 2869 1160 2950 Chalcedon,
1182 2870 1350 2952 truiedus;
1372 2873 1431 2937 sed
1457 2872 1494 2936 in

441 2974 488 3040 cic
517 2974 719 3050 brevientur,
742 2977 781 3040 ut
807 2973 1030 3051 Andromeda,
1054 2972 1186 3054 exedra,
1209 2974 1330 3059 quibus
1359 2973 1496 3039 additur

441 3077 585 3157 Macedo,
609 3082 644 3143 et
666 3077 772 3141 multa
794 3098 868 3162 quae
890 3081 971 3140 nota
992 3080 1080 3140 sunt

485 3201 501 3245 e
523 3185 601 3244 ante
616 3179 644 3264 s
660 3179 839 3257 brevietur,
863 3182 903 3243 ut
925 3178 1032 3243 elefas.

484 3286 600 3346 cente
624 3301 648 3365 9
672 3279 851 3359 breviatur,
876 3285 915 3344 ut
942 3280 1091 3366 'l'ristega
1120 3279 1156 3343 in
1182 3279 1322 3361 Genesi;
1344 3279 1402 3345 sed
1428 3280 1495 3344 alic

439 3387 520 3447 nota
542 3381 775 3468 producuntur,
799 3386 838 3446 ut
860 3381 993 3469 collega.

484 3490 600 3550 cente
624 3483 637 3548 l
659 3484 859 3570 producitur,
883 3488 923 3548 ut
949 3483 1091 3564 suadela,
1115 3483 1231 3560 Abels,
1256 3481 1435 3560 Ourmelus,
1459 3488 1495 3549 et

439 3587 633 3674 hujusmodi.
690 3586 911 3672 Excipiuntur
933 3585 1077 3672 angelus,
1103 3585 1304 3665 Abimelech,
1328 3591 1363 3650 et
1390 3585 1493 3651 obelis

438 3690 474 3754 in
505 3690 648 3777 prologis
681 3688 808 3767 Biblise,
841 3689 919 3774 quia.
951 3688 1115 3774 Virgilius
1141 3687 1271 3752 breviat
1304 3687 1491 3764 obeliscum,

439 3793 528 3877 quod
551 3799 602 3856 est
624 3790 865 3856 diminutivum
892 3790 963 3876 ejus
975 3813 983 3869 ;
1010 3796 1045 3855 et
1066 3790 1202 3876 sn'gelus
1228 3789 1413 3874 corripitur,
1436 3789 1493 3854 sed

440 3893 585 3959 Gebclus
607 3893 643 3957 in
666 3893 770 3957 Tobiu
792 3892 954 3978 longatur.
1485 3895 1487 3899 ’

483 4018 499 4061 ο
525 4001 603 4061 onte
625 4018 662 4061 m
686 3996 848 4080 longatnr,
870 4001 909 4059 ut
933 3995 1084 4071 triremis,
1101 3995 1276 4076 volemum.
1322 3992 1388 4058 Sed
1413 4015 1493 4058 ana-

438 4097 551 4163 themu
576 4097 754 4163 secundum
778 4096 929 4162 Graecum
956 4097 1138 4182 corripitur,
1166 4097 1243 4162 licet
1269 4118 1347 4162 usus
1372 4095 1495 4161 habeat

438 4200 647 4263 contrarium
695 4198 740 4261 Et
762 4199 989 4283 producuntur
1011 4199 1208 4284 propriant
1231 4199 1397 4279 Palemon,
1414 4197 1492 4262 Phi-

437 4300 556 4379 lemon,
592 4299 818 4379 Laeedemon3
852 4300 911 4364 sed
937 4301 1100 4381 Artemas,
1129 4299 1337 4386 Eupolemus,
1363 4306 1398 4365 et
1421 4299 1494 4365 Tri·

438 4401 601 4486 ptolemus
623 4399 826 4464 breviantur.

482 4525 499 4568 e
532 4507 609 4566 ante
643 4524 670 4566 η
703 4502 904 4587 producitur,
937 4509 976 4568 ut
1007 4526 1150 4583 camena,
1183 4504 1404 4591 Magdelena3
1434 4504 1492 4569 sed

437 4605 569 4692 propria
590 4604 791 4682 brevientur,
811 4611 850 4669 ut
873 4604 1012 4684 Helena,
1031 4606 1280 4687 Demosthenes,
1306 4605 1491 4687 Sosthenes,

438 4710 671 4796 Hermogenes,
704 4706 889 4774 Parmense.
944 4706 1101 4796 Origenes
1135 4729 1213 4774 vero
1245 4709 1416 4775 breviatur
1443 4728 1494 4773 se-
