3586 5640
306 771 374 857 m]
697 785 785 837 oros
806 784 965 837 mm
1315 767 1357 836 17

304 957 429 1025 totiens
452 957 563 1024 dimisi
585 978 677 1046 opus,
699 964 735 1024 et
761 959 954 1025 multotiens
976 958 1147 1044 desperavi
1169 961 1204 1023 et
1225 955 1357 1044 neglexi

304 1060 500 1148 procacem
536 1060 625 1127 unde
654 1062 682 1127 si
711 1082 771 1127 vos
808 1061 974 1128 scivissem
1005 1081 1072 1125 non
1109 1057 1273 1146 pensasse¹
1305 1079 1356 1122 rs-

305 1163 432 1229 tionem
454 1184 671 1250 expensorum
701 1162 835 1228 horum²
857 1184 917 1249 pro
943 1166 1017 1227 toto
1043 1160 1168 1226 mundo
1193 1181 1262 1224 non
1282 1179 1357 1245 pro·

304 1265 489 1332 cessissem:
513 1265 611 1331 citius
633 1264 722 1330 enim
742 1286 795 1330 me
816 1264 936 1330 carceri
958 1263 1126 1328 dedissem
1172 1261 1243 1326 Nec
1262 1259 1357 1346 potui

305 1367 443 1433 nuntios
464 1366 613 1454 proprios
635 1367 768 1433 mittere
789 1365 902 1432 vobis⁸
923 1387 981 1453 pro
1004 1363 1165 1452 expensis,
1189 1364 1268 1448 quis
1288 1383 1355 1426 non

305 1469 408 1535 habui
430 1469 518 1535 unde
540 1469 715 1534 mitterem.
763 1468 810 1533 Et
829 1469 931 1533 molui
952 1467 1044 1546 illud,
1061 1466 1149 1552 quod
1168 1466 1264 1552 potui
1284 1485 1358 1550 pro·

305 1593 429 1652 curare,
460 1593 588 1659 semper
616 1592 736 1660 ponere
767 1570 803 1634 in
834 1570 968 1657 negotio
998 1568 1228 1656 promovendo,
1260 1587 1359 1652 quem

304 1673 401 1739 vobis
425 1674 583 1739 nuntium
608 1673 777 1760 proprium
801 1671 973 1737 destinare.
1020 1671 1066 1736 Et
1095 1671 1196 1735 etism
1227 1673 1361 1755 propter

306 1781 452 1841 vestrum
488 1775 708 1841 reverentiam
746 1774 876 1840 decrevi
913 1774 1002 1860 quod
1031 1795 1099 1839 non
1135 1772 1273 1837 facerem
1307 1792 1358 1834 ra·

305 1877 431 1943 tionem
461 1877 502 1943 de
532 1877 684 1963 expensis
721 1881 898 1962 antequem
936 1876 1048 1962 aliquo
1077 1874 1254 1953 mitterem,
1286 1893 1360 1958 quse

305 1978 402 2045 vobis
439 1978 613 2065 placerent,
644 1984 679 2044 et
709 1999 783 2064 quae
821 1977 972 2044 oculats⁴
1009 1977 1074 2042 fide
1112 1977 1230 2041 durent
1265 1974 1358 2039 testi-

306 2081 455 2147 monium
481 2101 707 2168 expensorum.
769 2077 908 2165 Propter
937 2079 1041 2167 igitur
1068 2079 1138 2144 haec
1167 2077 1278 2142 omnis
1307 2098 1359 2142 uc·

306 2183 389 2248 cidit
411 2187 509 2248 tento
532 2182 650 2247 dilutio
679 2181 716 2246 in
741 2180 803 2246 hoc
828 2181 971 2268 negotio,
996 2181 1036 2245 de
1062 2202 1127 2266 quo
1149 2179 1360 2244 vehementer

307 2284 424 2364 dole03
446 2284 524 2370 quis
538 2305 605 2349 non
625 2283 730 2348 solum
751 2283 872 2349 assidit
885 2287 1005 2349 vestine
1023 2282 1205 2347 clementias
1220 2280 1359 2346 taediurn

306 2407 368 2474 pro
404 2408 461 2473 spe
490 2386 602 2463 dilato,
634 2385 691 2451 sed
720 2407 781 2472 ego
818 2382 955 2452 sustuli⁶
984 2384 1161 2471 multiplex
1190 2383 1356 2462 damnum,

307 2489 392 2554 sicut
406 2487 488 2553 sutis
509 2509 552 2554 ex
565 2487 740 2574 praedictis
761 2487 898 2573 potestis
920 2487 1072 2574 cogitare,
1088 2491 1123 2554 et
1145 2484 1281 2553 inferius
1301 2506 1357 2550 ex-

307 2589 485 2677 plicabitur
506 2589 628 2656 certius
650 2595 685 2655 et
705 2588 833 2676 plenius
855 2611 915 2656 suo
936 2589 1014 2656 loeo.

755 2940 835 3007 Cer.
861 2940 919 3004 IV.

357 3151 518 3217 Rmmo
544 3157 657 3218 tomen
695 3153 862 3231 mandato,
885 3150 1030 3237 cogitavi
1067 3150 1244 3237 diligenter
1281 3152 1493 3238 quidcompre

311 3260 421 3341 posset
442 3275 510 3319 esse
532 3259 664 3342 gratum
679 3253 802 3319 vicario
816 3253 840 3318 J
841 3252 899 3318 esd
915 3252 1060 3318 Christi:
1085 3253 1185 3318 etism
1208 3255 1361 3341 pmcepti
1373 3222 1530 3338 iffiffi'

311 3355 527 3422 consideratio
549 3377 601 3421 me
617 3355 785 3436 arctabat3
808 3355 935 3421 utilitas
956 3355 1077 3420 iterum
1091 3357 1214 3432 mundi,
1231 3379 1288 3443 per
1303 3380 1362 3421 vos
1374 3354 1495 3470 Wram-

313 3458 525 3545 promerendo,
557 3479 610 3522 me
640 3457 808 3537 excitavit,
835 3463 934 3543 etque
963 3457 1145 3524 vivificatio
1182 3460 1360 3545 sapientise,
1374 3436 1416 3485 ‘¹⁰¹
1461 3457 1468 3469 ’

314 3581 389 3645 quse
414 3566 545 3625 mortus
562 3558 634 3645 jem
656 3581 677 3622 a
698 3559 811 3623 multis
837 3559 1040 3646 temporibus
1057 3558 1170 3644 jacuit,
1187 3581 1240 3624 me
1265 3561 1362 3625 valde

314 3661 503 3749 instigabat.
551 3660 598 3725 Et
628 3661 701 3725 ideo
724 3660 927 3726 consideravi
953 3660 1156 3746 sapientiem,
1185 3684 1284 3746 quom
1306 3683 1361 3748 pe-

314 3764 412 3841 iistis,
429 3785 497 3829 non
515 3763 623 3828 solum
645 3762 805 3839 obsolute,
822 3762 881 3827 sed
903 3762 1000 3847 longe
1022 3763 1129 3849 magis
1143 3763 1246 3827 relate
1268 3765 1363 3848 quin-

314 3887 379 3951 que
400 3865 514 3941 modis,
530 3870 565 3929 et
579 3863 734 3949 quicquid
755 3864 849 3949 potui
871 3861 1073 3926 considerare
1095 3862 1257 3943 decorum,
1273 3864 1364 3943 utile,

314 3973 350 4033 et
375 3967 594 4054 magnificum,
611 3963 753 4052 cogitavi
780 3969 958 4042 annotare3
980 3964 1140 4050 praecipue
1163 3985 1237 4030 cum
1252 3965 1363 4051 hujus-

315 4069 405 4134 modi
435 4090 503 4134 non
532 4066 611 4132 sunt
637 4067 674 4132 in
698 4088 760 4131 usu
785 4066 878 4153 vulgi
905 4065 1120 4146 studentium,
1147 4067 1204 4132 sed
1238 4090 1364 4154 semper

348 4433 489 4483 ἰοίυίεκη
522 4449 568 4482 nos
600 4430 729 4497 passam]
766 4446 814 4479 non
896 4420 1015 4486 ¹harum]
1029 4420 1148 4482 omnium,
1159 4420 1190 4474 Τ.

315 4528 439 4578 pem,
455 4512 570 4578 supplied
581 4511 645 4561 stom
662 4509 815 4574 themsrgin
898 4500 999 4566 'vobid
1019 4516 1067 4550 om.
1077 4500 1145 4552 'BL

315 4590 343 4640 in
354 4591 394 4652 T„
404 4592 508 4643 omitted
525 4591 552 4640 in
570 4591 614 4641 the
632 4589 705 4640 other
724 4588 815 4652 copies,
900 4577 1029 4645 ‘acuum
1048 4581 1152 4642 occultu,
1169 4581 1198 4630 L

315 4670 399 4720 which
409 4671 468 4736 give
478 4671 611 4720 misissetis
627 4669 667 4719 ior
677 4666 813 4719 scivissem.
901 4657 1020 4724 'meula
1039 4673 1088 4709 om.
1101 4658 1132 4709 B.
1144 4659 1174 4710 Is.

403 4764 481 4815 VOL
503 4765 525 4812 1.
1212 4752 1236 4800 B
