3586 5640
305 781 416 883 xnr.]·
709 797 796 846 oros
818 796 979 850 mmmmm
1294 788 1355 854 141

304 975 416 1037 motus
438 971 617 1035 secundum
650 970 801 1057 speciem,
833 976 867 1037 et
897 993 983 1036 unus
1012 970 1109 1039 loeus„
1155 971 1244 1060 Ergo
1274 975 1359 1041 sieut

304 1073 379 1139 dum
401 1072 507 1159 glebm
529 1073 626 1138 istius
648 1079 747 1139 terrae
769 1072 894 1138 hebent
924 1079 1052 1140 motum
1083 1075 1284 1141 ooneimilem
1315 1077 1359 1144 ed

304 1180 453 1241 oentrum
477 1175 721 1260 hujusmundi,
746 1175 792 1240 sio
814 1175 889 1241 dum
921 1180 1018 1243 terrae
1048 1175 1190 1243 duorum
1220 1178 1360 1245 mundo·

303 1300 378 1343 rum
400 1282 490 1343 notee
512 1282 621 1342 essent
643 1297 774 1343 movere
796 1277 839 1343 od
862 1282 1012 1344 oentrum
1036 1279 1209 1366 utriusque
1233 1281 1358 1347 mundi.

304 1380 372 1449 Sed
403 1380 464 1446 hoo
496 1401 564 1444 non
596 1385 706 1466 posset
734 1379 815 1458 fieri,
843 1379 907 1444 niei
939 1386 1028 1446 terra
1054 1386 1134 1468 epta
1163 1387 1245 1448 noto
1274 1390 1360 1450 esset

304 1486 476 1570 penetrare
498 1502 594 1546 nuum
617 1480 800 1562 mundum,¹
823 1484 864 1546 ut
885 1480 1038 1548 tenderet
1052 1482 1088 1547 in
1104 1488 1254 1549 oentrum
1277 1485 1359 1551 elte-

304 1585 373 1650 riue
395 1583 520 1662 mundi,
545 1589 580 1649 et
602 1582 663 1649 hoo
685 1603 753 1647 non
775 1582 869 1649 fieret
891 1583 956 1648 niei
979 1589 1069 1649 terre
1083 1591 1163 1672 epte
1178 1591 1259 1653 nete
1273 1594 1359 1654 eeeet

304 1708 432 1752 sursum
455 1708 476 1751 e
498 1689 611 1752 oentro
625 1683 756 1751 elevari.
802 1684 868 1750 Sed
891 1685 984 1752 lraeo³
999 1686 1152 1773 aptitudo
1167 1710 1233 1755 non
1250 1695 1360 1774 potest

305 1810 373 1854 esse
388 1789 424 1853 in
439 1794 546 1868 term3
567 1809 668 1874 quare
683 1809 750 1853 non
772 1791 881 1874 potest
904 1787 971 1854 olio
992 1794 1081 1855 teme
1103 1811 1182 1869 eene,
1198 1811 1258 1856 noo
1273 1791 1358 1860 alius

307 1891 458 1958 mundus.

351 1993 402 2059 De
432 1991 565 2058 finitete
595 1991 712 2057 mundi
743 1992 813 2078 ipse
842 1991 938 2079 ponit
973 1992 1183 2061 manifestam
1213 1991 1501 2072 meionesfflitis

304 2095 527 2182 geometricae.
574 2093 640 2159 Sed
664 2094 765 2159 tertia
782 2093 1019 2159 demonstratio
1042 2117 1116 2181 quoe
1139 2095 1227 2163 seete
1247 2103 1297 2162 eet
1317 2060 1447 2163 dem*

306 2197 438 2265 finitete
469 2195 617 2262 meteriae
649 2200 700 2262 est
733 2195 850 2261 melior
883 2195 1035 2261 omnibus
1068 2197 1251 2266 rationibus
1282 2200 1359 2278 suis,

305 2299 457 2387 quamvis
479 2319 552 2364 eom
578 2318 646 2363 non
669 2302 779 2384 ponat.
826 2297 872 2362 Ee
895 2298 975 2384 quie
1002 2299 1055 2367 hio
1078 2300 1265 2366 evidentior
1288 2302 1360 2368 eet⁴

305 2424 405 2488 quam
427 2399 505 2466 ubi⁵
527 2399 568 2465 de
590 2399 731 2466 materie
753 2397 888 2484 egitur}⁵
910 2399 984 2465 ideo
1006 2406 1140 2488 propter
1161 2402 1360 2488 planiorem'

304 2503 510 2570 intellectum
525 2500 682 2581 illorum,⁸
696 2523 769 2586 quae
789 2501 830 2567 de
851 2502 991 2568 materie
1006 2503 1096 2570 dioto
1110 2510 1190 2570 eunt
1205 2506 1239 2571 in
1255 2505 1361 2594 Opere

307 2606 435 2692 Majori‚
458 2626 579 2692 ponam
610 2603 664 2669 hic
697 2605 802 2690 ipsam
841 2603 1163 2674 demonstrationem.
1216 2608 1263 2675 Et
1292 2630 1360 2675 non

306 2707 411 2774 solum
444 2711 577 2794 propter
610 2705 679 2785 hoe,
711 2704 767 2771 sed
801 2705 893 2771 utilis
923 2711 973 2773 est
1002 2707 1045 2772 od
1075 2709 1290 2795 quaestionem
1320 2710 1360 2778 de

305 2811 494 2877 {eternitate
531 2813 641 2874 motus
672 2813 707 2876 et
739 2807 865 2874 mundi.
911 2807 999 2875 Nom
1034 2809 1082 2876 ibi
1116 2811 1217 2879 habet
1253 2813 1359 2880 locum

305 2935 404 2980 snum
427 2913 513 2978 sicut
534 2911 595 2977 hie

353 3014 391 3083 Si
417 3015 521 3101 igitur
546 3013 692 3079 mundus
720 3012 921 3078 extendatur
946 3011 982 3076 in
1008 3012 1177 3078 infinitum
1203 3017 1358 3102 undique,

307 3117 447 3184 dumtur
469 3116 556 3182 linea
578 3132 603 3180 n
621 3132 650 3194 Β,
674 3131 698 3181 A
720 3132 749 3195 ο,
773 3136 816 3180 ex
839 3118 979 3199 utreque
1007 3116 1159 3200 partein
1182 3116 1359 3197 infinitum,

306 3225 342 3285 et
363 3220 537 3307 signentur
559 3221 701 3304 quatuor
724 3221 848 3303 puncto
871 3231 1045 3314 Q
1093 3216 1233 3283 Planum
1257 3219 1361 3305 igitur

306 3321 468 3408 estquod
491 3336 516 3385 A
540 3337 561 3385 n
585 3319 721 3384 olinea
751 3318 847 3384 vadit
877 3321 914 3384 in
944 3320 1113 3384 infinitum
1144 3341 1186 3387 ex
1216 3328 1309 3407 parte
1340 3340 1361 3388 B

307 3431 342 3491 et
370 3441 403 3503 n,
435 3432 469 3490 et
498 3437 551 3488 Ac
573 3422 661 3487 lineo
682 3443 725 3489 ex
757 3430 851 3507 perte
873 3437 903 3502 c,
927 3427 961 3488 et
991 3426 1071 3486 eunt
1101 3421 1250 3508 mque-leo,
1282 3426 1361 3510 quin

306 3526 474 3591 infinitum
502 3529 553 3590 eet
575 3523 701 3609 aequale
731 3522 872 3589 infinito.
918 3522 1080 3589 Similiter
1104 3539 1164 3589 131)
1190 3524 1279 3591 lineo
1304 3547 1361 3592 vo-

305 3628 358 3694 dit
387 3627 424 3692 in
454 3626 633 3705 infinitum,
661 3630 695 3691 et
723 3640 832 3690 nAc
863 3624 952 3690 linea
980 3624 1141 3704 similiter,
1173 3648 1250 3713 ergo
1279 3635 1361 3694 eunt

307 3730 454 3816 oequnlee
500 3727 770 3794 SedBAclineo
792 3731 842 3792 eet
864 3726 970 3812 major
991 3743 1015 3792 A
1035 3743 1056 3793 c
1078 3727 1166 3794 lineo
1181 3751 1238 3815 per
1256 3751 1359 3816 quan·

307 3832 439 3899 titetem
466 3846 547 3897 AB:
571 3851 648 3917 ergo
672 3829 731 3894 illa
762 3829 885 3910 eedem,
915 3829 1038 3896 scilieet
1068 3846 1163 3896 BAc
1189 3831 1284 3912 linea,
1310 3841 1360 3899 est

307 3934 413 4020 mojor
435 3933 466 3998 ei
488 3931 617 4017 aequali,
634 3931 759 3998 seilicet
780 3947 870 4000 Aren
892 3931 988 3997 lineo.
1035 3932 1101 3998 Sed
1121 3933 1149 3997 ei
1173 3950 1256 4000 BAo
1272 3934 1361 4002 linee

307 4043 357 4102 eet
387 4035 493 4122 major
515 4055 613 4120 quem
643 4048 731 4098 Assn
758 4033 855 4112 lineo,
879 4055 957 4119 ergo
987 4035 1122 4119 aequalis
1149 4052 1235 4100 nAc
1263 4037 1359 4104 lineae

307 4139 370 4204 erit
399 4138 505 4224 major
527 4157 626 4222 quam
648 4150 736 4201 ABD
762 4135 857 4202 linen
903 4135 971 4202 Sed
997 4136 1133 4222 aequelis
1157 4153 1238 4203 BAc
1264 4138 1360 4206 lineae

307 4246 359 4306 est
389 4256 467 4321 131>;
499 4259 577 4325 ergo
600 4254 655 4303 1³1>
684 4237 775 4304 linea
800 4243 851 4302 eet
881 4237 987 4322 major
1016 4258 1115 4323 quom
1139 4252 1226 4304 ABD
1250 4239 1358 4319 linea3

310 4394 450 4404 .......---
473 4395 496 4399 --
514 4390 1282 4400 m---——.-
1302 4396 1306 4399 .
1335 4397 1355 4406 „-

341 4470 348 4500 ¹
361 4484 428 4518 mum
440 4467 564 4532 nudum]
577 4466 654 4516 finem
666 4467 760 4527 mundi,
772 4465 803 4516 T.
889 4462 963 4529 ἰὼ]
983 4479 1032 4514 om.
1049 4464 1079 4514 B.
1092 4465 1121 4515 L

339 4547 424 4614 ’tad
442 4561 493 4600 om.
510 4545 541 4599 Τ.
889 4541 1004 4607 Ἰφίων]
1023 4557 1072 4593 om.
1089 4543 1120 4594 B.
1131 4543 1162 4598 L.

338 4625 514 4690 *manifestad
533 4622 631 4685 multae,
647 4623 678 4673 B.
695 4622 724 4673 L
891 4620 901 4648 ’
907 4617 1054 4685 planiorem]
1074 4621 1217 4685 pleniorem,
1234 4623 1266 4674 Τ.

321 4701 733 4772 Ἱιυίᾰωείοιιεεμιοωβΐ.
892 4696 1227 4766 ἰ’ἱὶονυκι]οοτιιω,Ι.Τ.
1265 4755 1271 4767 ,
