3586 5640
304 767 401 864 xm]
716 783 805 836 oeus
826 783 985 837 omnum.
1316 769 1360 843 47

304 955 361 1025 vel
386 953 510 1035 vetulo,
533 954 589 1026 vel
614 955 716 1034 miles,
740 956 796 1023 vel
824 957 964 1024 rusticus
994 957 1036 1022 de
1065 978 1141 1023 rure
1170 957 1252 1024 eoiut
1285 978 1360 1043 quoe

305 1059 375 1145 ipse
402 1058 543 1147 ignoret.
606 1058 707 1129 Unde
734 1059 844 1125 omnio
866 1082 965 1146 opero
986 1060 1195 1126 fundentium
1217 1060 1360 1138 metullo,

306 1165 340 1228 et
362 1182 437 1247 qum
459 1165 639 1248 operantur
659 1181 749 1242 auro,
772 1167 807 1228 et
836 1167 982 1248 urgento,
1005 1167 1040 1229 et
1061 1161 1188 1228 oaetem‘e
1209 1161 1361 1240 metullie,

306 1268 341 1331 et
372 1262 527 1331 omnibus
560 1262 783 1344 minerulibue,
818 1264 888 1350 ipse
919 1263 1059 1331 rimatus
1090 1269 1160 1344 eot3
1195 1268 1229 1329 et
1252 1263 1363 1331 omnio

307 1386 383 1451 quae
404 1364 449 1431 ud
470 1365 637 1446 militium,
652 1370 688 1434 et
709 1365 754 1433 ed
776 1387 875 1445 erma,
895 1371 930 1432 et
944 1366 987 1431 ed
1002 1365 1195 1432 venationes
1216 1366 1286 1451 ipee
1304 1386 1362 1430 no·

306 1466 360 1532 vit
370 1490 380 1548 ς
402 1467 603 1552 omniaque
617 1467 661 1533 ud
683 1467 926 1554 agriculturam,
950 1472 985 1535 et
1007 1468 1051 1533 ud
1070 1488 1238 1533 mensurus
1260 1473 1362 1533 terro·

306 1588 381 1635 rum
396 1572 431 1636 et
444 1586 544 1655 open
557 1567 761 1646 rustioorum,
777 1569 1001 1649 exominovit3
1024 1568 1124 1635 etiem
1139 1568 1364 1655 expen'mentu

306 1669 494 1740 vetularum
517 1673 551 1738 et
572 1669 749 1758 sortilegio,
776 1676 811 1738 et
844 1671 990 1738 ourminu
1012 1692 1125 1737 eurum
1156 1677 1190 1737 et
1216 1670 1362 1735 omnium

308 1771 510 1859 mugioomm
536 1771 778 1852 oomidemvit3
815 1777 850 1838 et
882 1772 1035 1840 similiter
1062 1772 1210 1838 omnium
1236 1771 1362 1857 joculo-

308 1878 420 1940 torum
441 1873 611 1946 illusiones
633 1879 668 1942 et
691 1873 846 1961 ingenio3
869 1879 909 1940 ut
931 1873 1016 1939 nihil
1037 1874 1126 1960 quod
1148 1873 1222 1939 seiri
1245 1874 1364 1939 debeut

307 1974 414 2042 luteut
442 1976 560 2062 ipsum,
586 1979 622 2044 ot
644 1981 807 2062 quotenus
832 1976 944 2043 omnio
966 1975 1049 2041 fuleo
1075 1981 1110 2042 et
1131 1975 1260 2062 megiou
1281 1975 1364 2040 sciet

310 2074 504 2164 reprobure¹
551 2077 597 2144 Et
618 2077 695 2149 ideo
716 2078 787 2145 eine
809 2098 848 2143 eo
870 2077 1071 2163 impossibile
1093 2081 1144 2144 eet
1166 2076 1254 2162 quod
1277 2098 1364 2142 eom-

307 2179 437 2266 pleotur
469 2179 687 2267 philosophia,
709 2202 770 2249 neo
801 2185 963 2248 tractetur
985 2179 1112 2245 utiliter
1143 2201 1203 2245 neo
1227 2179 1362 2245 oertitu-

306 2281 471 2349 dinuliter.
516 2281 583 2348 Sed
605 2281 668 2362 hio,
691 2283 775 2348 siout
791 2304 857 2348 non
881 2287 931 2348 eet
953 2282 1074 2368 dignus
1096 2281 1212 2367 pretio,
1235 2281 1282 2346 uio
1303 2302 1364 2346 neo

307 2384 450 2470 pretium
472 2384 616 2453 aeetimut
646 2383 707 2452 eui
763 2384 852 2449 Nom
875 2384 904 2448 ui
927 2384 1028 2452 vellet
1061 2404 1136 2451 oum
1166 2383 1298 2470 regibus
1329 2387 1364 2449 et

308 2485 511 2573 principibus
536 2492 632 2567 sture,
659 2486 743 2553 bene
763 2486 929 2553 inveniret
950 2487 1008 2572 qui
1029 2507 1104 2554 eum
1131 2485 1307 2552 honoraret
1329 2490 1364 2550 et

308 2587 438 2657 ditaret
495 2587 568 2655 Aut
588 2587 618 2653 ei
640 2586 784 2654 Perieiue
806 2589 907 2654 vellet
929 2588 1100 2655 ostendere
1123 2610 1198 2674 qum
1220 2589 1282 2654 soit
1303 2608 1363 2674 per

308 2711 408 2777 opere
435 2689 616 2777 sopientice,
645 2694 737 2756 totus
767 2690 910 2756 mundus
936 2695 1126 2775 sequeretur
1155 2712 1239 2758 eum.
1294 2689 1360 2754 Sed

308 2792 387 2878 quie
424 2813 484 2879 per
517 2796 694 2878 utrumque
733 2791 824 2857 viem
862 2792 1078 2877 impediretur
1113 2791 1156 2856 eb
1192 2791 1360 2876 experien-

291 2895 430 2960 -tiorum
462 2892 701 2980 magnitudine,
738 2893 773 2958 in
808 2914 874 2977 quo
904 2913 1030 2957 summe
1060 2890 1249 2970 delectatur,
1287 2891 1362 2954 ideo

307 2995 448 3084 negligit
478 3015 608 3062 omnem
649 2994 807 3061 honorem
839 2999 874 3060 et
911 2992 1055 3072 divitiae,
1094 2992 1256 3077 praecipue
1287 3013 1361 3056 oum

308 3097 439 3186 poterit,
470 3097 603 3183 quondo
624 3096 775 3174 voluerit,
799 3116 857 3182 per
879 3115 972 3160 uuum
995 3092 1189 3179 sapientium
1212 3092 1256 3157 ed
1278 3092 1363 3158 divi-

302 3201 373 3286 tim
394 3199 572 3290 pervenire

354 3301 451 3369 Oiroo
471 3322 551 3368 vero
578 3321 682 3366 unum
712 3299 878 3386 speculum
907 3297 1099 3364 comburens
1129 3296 1164 3362 in
1186 3300 1274 3363 uerte
1296 3295 1362 3361 die·

308 3405 417 3471 tontiu
439 3401 604 3470 loboravit
624 3401 696 3488 jum
726 3424 784 3488 per
813 3406 880 3468 tres
905 3422 1017 3481 unnoe,
1041 3405 1075 3466 et
1097 3400 1162 3466 cito
1184 3399 1297 3466 veniet
1318 3398 1361 3463 od

309 3506 409 3575 finem
438 3525 498 3593 per
526 3504 668 3592 gretiam
700 3503 773 3583 Dei,
805 3503 892 3590 quod
918 3523 1030 3568 omnes
1061 3501 1171 3566 Latini
1199 3490 1362 3566 nesoirent

309 3607 423 3686 fuoote,
462 3628 523 3673 noo
555 3627 702 3691 unquam
735 3604 801 3671 fuit
837 3609 1040 3670 attentatum
1073 3602 1161 3667 inter
1192 3624 1254 3680 eeu,
1287 3623 1361 3666 oum

309 3715 422 3778 tumen
448 3708 551 3782 libros
579 3707 739 3777 hebemus
764 3707 805 3775 de
835 3705 1023 3793 hujusmodi
1052 3702 1256 3790 speculorum
1278 3725 1363 3771 oom-

309 3809 496 3903 poeitione²
1064 3841 1070 3853 ·

738 4020 822 4088 ΟΔΡ.
847 4015 942 4084 XIV.

357 4169 480 4237 Ouum
500 4191 578 4238 vero
602 4168 654 4235 hae
686 4168 830 4235 soientiae
862 4170 948 4244 eunt,
981 4162 1172 4251 simpliciter
1201 4162 1363 4250 loquendo
1378 4176 1502 4230 ormorul

311 4277 346 4339 et
366 4273 506 4361 proprie,
530 4272 751 4359 speculative.
798 4269 888 4335 Nam
921 4269 999 4335 lieet
1030 4267 1066 4331 in
1101 4266 1192 4333 omni
1226 4245 1486 4380 eoientiufflffff

348 4609 620 4679 ¹npmoan11>eom
640 4612 673 4663 (le
692 4608 815 4663 Materne
882 4607 1053 4676 'speculorum
1080 4608 1270 4678 competitione]
1319 4607 1366 4662 See

314 4689 400 4758 Cutis,
417 4692 451 4743 T.
468 4692 497 4743 ln
511 4705 592 4766 marg.
852 4687 924 4755 opus
934 4689 1030 4755 Mojue,
1040 4705 1067 4756 p.
1080 4692 1119 4742 70.
