3586 5640
309 783 417 872 mu]
710 799 798 850 orus
819 796 981 849 rasrruu.
1293 778 1360 852 2t'7

307 964 421 1030 multis
466 965 591 1045 modis3
636 963 814 1050 aliquando
859 964 1038 1028 secundum
1080 961 1360 1049 pulchritudinem

305 1068 475 1135 metricam
507 1071 542 1130 et
572 1065 794 1151 rhythmicam
825 1065 1050 1152 compositum,
1086 1065 1171 1130 sicut
1197 1065 1361 1151 Hierony·

307 1169 400 1237 mus¹
423 1170 519 1234 docet
541 1167 578 1231 in
600 1168 694 1232 libris
717 1167 896 1254 Scripturas
918 1168 1115 1233 memoratis.

353 1271 419 1338 Sed
441 1269 655 1336 translatores
679 1268 790 1334 Latini
812 1290 879 1334 non
901 1268 1090 1334 habuerunt
1112 1271 1203 1334 illam
1230 1268 1362 1336 musicae
1374 1283 1513 1350 Neglectae

307 1377 516 1463 potestatem,
541 1392 641 1457 quam
663 1371 859 1457 patriarchae
889 1376 924 1437 et
945 1373 1126 1459 prophetae,
1161 1373 1219 1459 qui
1250 1392 1361 1438 omncs
1374 1353 1464 1469 ffi‘

309 1476 462 1543 scientias
507 1472 749 1538 adinvenerunt
761 1496 769 1552 ;
814 1477 848 1538 at
877 1473 977 1538 nimis
1015 1474 1146 1541 difficile
1183 1480 1268 1540 esset
1305 1473 1363 1539 illa
1374 1486 1520 1564 rundatos

310 1582 416 1643 metra
439 1576 605 1642 Hebralca
620 1580 654 1641 et
676 1574 849 1661 rhythmos
866 1575 985 1640 Latino
1001 1575 1166 1642 sermone²
1182 1577 1361 1642 secundum
1373 1567 1511 1670 ’ζζζξξζῖ

310 1680 546 1768 proprietatem
573 1698 685 1743 eorum
712 1677 877 1764 explicari.
924 1675 971 1742 Et
994 1678 1069 1743 ideo
1098 1698 1167 1743 non
1200 1698 1363 1744 remanse-
1403 1686 1513 1737 eiruiffi-

310 1788 391 1848 runt
426 1781 497 1847 haec
533 1781 570 1845 in
607 1785 707 1845 textu
745 1780 948 1845 Latinorum.
1006 1780 1072 1846 Sed
1106 1781 1184 1867 quia
1218 1781 1363 1868 Spiritus
1375 1754 1445 1818 ΜΨ
1445 1789 1452 1802 “

311 1885 451 1951 Sanetus
488 1905 547 1969 per
584 1903 643 1947 ora
679 1887 868 1948 sanctorum
901 1903 1036 1947 suorum
1068 1883 1137 1949 haee
1168 1883 1294 1962 effudit,
1325 1886 1365 1948 ut

310 1985 519 2074 pulchritudo
543 1989 578 2050 et
601 1982 741 2050 efficacia
763 1984 933 2071 sapientiae
955 1985 1077 2051 divina
1106 1989 1266 2072 paterent,
1290 1986 1364 2052 ideo

313 2094 442 2176 oportet
479 2086 671 2174 theologum
708 2107 872 2152 recurrere
909 2088 952 2152 ad
989 2087 1184 2174 sapientiam
1223 2089 1286 2154 Dei
1328 2090 1366 2153 in

314 2191 467 2268 Hebraeo,
490 2195 531 2255 ut
553 2191 635 2256 sciat
657 2187 716 2254 ex⁸
745 2189 817 2276 ipso
839 2189 931 2255 fonte
954 2189 1081 2255 dulcius
1110 2190 1241 2256 haurire
1264 2211 1367 2276 aquas

314 2293 493 2379 sapientiae.
539 2291 586 2356 Et
623 2311 697 2356 cum
724 2291 772 2356 ibi
793 2291 919 2356 tradita
948 2299 1000 2357 est
1030 2315 1088 2379 per
1119 2294 1191 2358 vias
1225 2295 1365 2370 musicae,

316 2395 461 2460 metricae
477 2397 512 2459 ct
526 2392 731 2478 rhythmicae,
755 2414 883 2459 necesse
906 2399 957 2459 est
980 2394 1068 2480 quod
1089 2395 1252 2481 perfectus
1276 2395 1367 2460 theo-

314 2497 408 2582 logus
430 2494 513 2560 sciat
535 2495 697 2560 rationem
712 2495 851 2560 istarum
870 2495 1016 2582 partium
1039 2498 1178 2568 musicae.
1203 2495 1369 2563 Caeterum

316 2597 422 2663 sancti
444 2619 479 2662 se
502 2602 747 2683 occupaverunt
769 2599 806 2662 in
828 2596 898 2662 his‘
920 2599 1105 2686 diligenter,
1128 2605 1168 2665 ut
1189 2603 1283 2686 patet
1312 2618 1370 2686 per

316 2700 550 2787 Augustinum,
573 2704 608 2765 et
633 2699 756 2765 Bedam
789 2700 830 2765 de
852 2701 936 2766 Arte
969 2701 1118 2781 Matrica,
1141 2707 1175 2767 et
1198 2699 1368 2768 Cassiodo-

316 2823 398 2882 rum,
423 2808 457 2868 et
480 2801 702 2882 Ambrosium,
726 2796 784 2888 qui
815 2802 894 2867 fecit
922 2803 1064 2890 hymnos
1087 2804 1228 2869 ecclesiae
1239 2827 1248 2883 ;
1282 2804 1370 2889 quod

317 2926 385 2971 non
406 2906 555 2971 fecemmt
577 2904 643 2970 nisi
666 2904 745 2991 quia
768 2905 916 2970 sciebant
949 2903 1011 2970 hoc
1041 2904 1238 2970 excellenter
1260 2907 1369 2972 valere

318 3009 361 3074 ad
391 3006 587 3094 sapientiam
620 3005 778 3085 divinam,
812 3029 850 3072 eo
888 3007 977 3092 quod
1010 3008 1145 3072 fuerunt
1171 3007 1372 3094 expositores

318 3111 405 3176 illius
427 3109 609 3197 sapientiae,
641 3115 676 3174 et
710 3109 814 3174 sancti
838 3107 911 3189 Dei,
935 3108 1023 3194 quod
1045 3109 1189 3174 maxime
1215 3114 1308 3196 patet
1330 3128 1372 3176 ex

319 3219 413 3279 sexto
430 3209 585 3278 Musieae⁶
611 3212 801 3298 Augustini.
848 3211 1056 3298 Quapropter
1078 3235 1153 3277 cum
1175 3235 1234 3279 nos
1260 3236 1373 3279 sumus

319 3315 381 3380 filii
396 3321 591 3395 sanctorum,
615 3319 650 3380 et
673 3315 799 3379 utimur
813 3337 850 3379 aa
865 3315 1044 3402 gloriamur
1066 3316 1228 3402 sapientia
1250 3339 1372 3399 eorum,

321 3417 478 3483 debemus
507 3418 590 3482 scire
625 3417 695 3482 haec
732 3417 760 3481 si
794 3418 937 3483 velimus
964 3440 1155 3506 cognoscere
1177 3421 1372 3507 sapientiam

320 3520 386 3585 Dei
409 3521 451 3585 ab
474 3520 525 3584 his
548 3519 732 3606 expositam
755 3525 998 3586 attractatam.

366 3622 412 3686 Et
442 3644 516 3688 cum
549 3622 621 3707 jam
654 3620 716 3687 feci
748 3644 929 3688 sermonem
963 3625 1003 3689 de
1041 3625 1193 3689 omnibus
1223 3625 1374 3711 partibus

321 3723 463 3801 musicae,
503 3745 576 3809 quae
615 3745 733 3788 sonum
770 3725 957 3811 respiciunt,
1004 3725 1150 3791 breviter
1195 3726 1374 3793 secundum

321 3825 522 3905 cunctosin
543 3846 644 3890 unam
670 3825 853 3891 utilitatem
883 3825 973 3890 illius
995 3828 1108 3912 partis,
1139 3848 1213 3913 quae
1242 3830 1375 3916 respicit

321 3928 451 3994 visibile
489 3928 730 3994 conformatum
767 3949 854 4004 sono,
894 3928 1039 3994 motibus
1077 3929 1308 4012 consimilibus,
1341 3937 1375 3999 et

322 4031 638 4120 configurationibus
661 4031 932 4117 competentibus,
964 4036 1004 4096 ut
1027 4036 1078 4096 est
1103 4030 1162 4096 illa
1195 4052 1271 4120 pars
1302 4055 1373 4102 mu·

323 4135 397 4202 sicae
420 4155 495 4221 quae
518 4139 639 4221 gestus,
664 4140 699 4199 et
726 4134 957 4210 exultationes,
982 4137 1016 4198 et
1039 4134 1152 4215 saltus,
1175 4141 1209 4201 et
1231 4135 1374 4223 plausus,

323 4244 358 4303 et
380 4237 502 4315 choros,
530 4243 565 4301 et
595 4257 707 4301 omnes
741 4235 847 4301 flexus
870 4258 1041 4322 corporum
1074 4238 1265 4306 considerat.
1311 4240 1376 4306 Illa

712 4415 808 4423 -.a—⁴„-
820 4416 826 4420 -
837 4415 970 4421 ...η’
1000 4415 1090 4421 .--—--.

358 4526 540 4591 weronam
550 4523 629 4591 docet]
647 4524 820 4576 docetHiero-
905 4524 968 4590 ἐπ]
986 4523 1021 4586 in,
1035 4526 1066 4576 B.

322 4622 421 4673 aymus,
433 4607 464 4658 Τ.
906 4602 978 4668 4ἢιέ]
997 4603 1052 4655 istis
1064 4605 1184 4670 partibus,
1196 4605 1227 4658 T.

355 4683 468 4737 naam
476 4685 594 4751 maone]
613 4699 661 4736 om.
680 4685 710 4736 T.
906 4685 992 4734 'mlo
1003 4685 1120 4752 Musica]
1133 4701 1187 4752 cap.
1199 4685 1251 4739 xiv.
