3586 5640
315 723 421 818 nn]
714 743 802 796 orus
821 743 984 798 rmrrun
1327 722 1368 800 71

314 925 400 987 tura
432 918 518 989 sacri
550 919 695 1002 canonis,
733 923 922 990 sanctorum
953 931 988 991 et
1025 921 1302 1009 philosophorum,
1335 929 1371 992 et

311 1044 371 1110 per
401 1023 546 1091 rationes
576 1029 611 1090 et
641 1023 798 1110 exempla
859 1023 905 1090 Et
942 1029 993 1090 eet
1030 1024 1084 1091 hio
1122 1024 1297 1094 utilissima
1334 1032 1370 1095 et

312 1125 533 1213 pulcherrima
578 1126 750 1213 sapientia,
788 1129 824 1194 et
863 1125 969 1192 facilis
1005 1149 1044 1194 ao
1075 1127 1231 1214 jucunda
1302 1129 1369 1196 Sed

313 1233 427 1296 tamen
453 1251 582 1316 semper
607 1228 744 1325 'utimur
767 1228 875 1294 tribus
904 1229 1109 1316 argumentis
1134 1231 1283 1318 pessimis
1308 1255 1369 1320 pro

315 1331 469 1398 omnibus
494 1353 569 1419 quae
599 1329 737 1399 facimus
767 1335 803 1397 et
832 1330 991 1398 dicimus:
1024 1332 1148 1400 scilicet
1170 1333 1232 1401 hoo
1258 1355 1368 1403 exem·

312 1433 496 1520 plificatum
527 1438 588 1515 est,
619 1433 680 1499 hoc
701 1438 896 1502 consuetum
929 1438 987 1514 est,
1012 1434 1072 1502 hoc
1101 1435 1276 1523 vulgatum
1306 1442 1367 1520 est,

313 1557 391 1623 ergo
413 1537 601 1604 faciendum
623 1542 681 1602 est

357 1638 425 1707 Sed
439 1639 626 1726 oppositum
646 1638 875 1704 oonclnsionis¹
892 1639 1040 1726 sequitur
1062 1663 1105 1706 ex
1125 1641 1310 1728 praemissis,
1326 1646 1490 1728 censos
1505 1653 1537 1706 ot

312 1742 350 1806 in
371 1742 530 1829 pluribus,
546 1747 581 1808 et
604 1741 728 1828 optime
743 1746 813 1808 stet
834 1743 979 1809 cumeis.
1027 1743 1250 1812 Excludamus
1264 1716 1487 1834 igiturlfflffl

312 1844 372 1909 has
399 1849 466 1913 tres
480 1850 595 1932 pestes,
613 1866 687 1930 qua
702 1865 834 1911 omnem
856 1845 1022 1912 hominem
1047 1848 1083 1912 in
1106 1869 1247 1917 errorem
1269 1850 1365 1918 indu·
1424 1800 1523 1910 Ἥ

311 1953 400 2028 cunt,
430 1953 466 2015 et
488 1952 651 2034 quartam,
677 1946 800 2015 scilicet
836 1946 1057 2014 defensionem
1094 1950 1235 2036 propriae
1272 1953 1364 2040 igno-
1376 1921 1493 2041 ,23⁰¹

310 2049 429 2118 rantiae
452 2072 512 2137 per
536 2049 800 2138 reprobationem
826 2071 939 2116 eorum
963 2071 1038 2136 quae
1063 2051 1260 2138 ignoramus,
1288 2077 1363 2122 cum
1376 2065 1452 2107 ΕΝ·

310 2153 551 2220 ostentationa²
577 2174 690 2219 eorum
714 2173 788 2238 quae
809 2151 939 2218 scimus.
986 2152 1075 2218 Nam
1098 2152 1169 2222 haec
1194 2160 1246 2223 est
1271 2157 1364 2244 pejor

310 2254 387 2320 aliis
416 2255 533 2335 tribus,
569 2255 727 2341 quonism
757 2259 809 2322 eet
837 2275 936 2320 causa
965 2276 1087 2321 earum.
1143 2256 1229 2338 Quia
1263 2259 1362 2329 homo

308 2355 488 2424 defendens
513 2379 609 2424 suam
632 2357 863 2444 ignorantiam,
878 2360 913 2424 et
938 2361 1108 2424 ostentans
1129 2380 1169 2428 ea
1191 2381 1266 2447 qnae
1289 2363 1360 2447 scit,

309 2465 345 2528 et
366 2460 562 2548 reprobans³
578 2460 695 2538 aliena,
711 2460 779 2546 ipse
795 2459 866 2546 jam
889 2459 968 2529 lacit
982 2483 1016 2529 se
1031 2467 1207 2545 auctorem,
1223 2467 1280 2534 sed
1294 2467 1359 2533 fra·

309 2564 410 2652 gilem
422 2588 430 2645 ;
461 2570 496 2631 et
525 2571 606 2631 tuno
635 2585 711 2630 cum
732 2584 830 2630 nemo
859 2563 922 2630 sibi
953 2573 1047 2644 erret,
1072 2567 1129 2635 sed
1160 2570 1360 2639 dementiam

308 2689 403 2734 suam
437 2667 564 2754 spargit
595 2667 633 2733 in
667 2665 843 2753 proximos,
870 2671 909 2732 ut
938 2667 988 2735 ait
1014 2668 1138 2739 Seneca
1166 2670 1252 2739 libro
1282 2673 1362 2760 Epi-

309 2770 468 2837 stularum
502 2766 759 2847 Secundarum,⁴
797 2769 872 2836 ideo
902 2769 965 2835 isto
994 2775 1109 2837 auctor
1133 2772 1205 2857 jam
1246 2776 1363 2861 vulgat

308 2873 507 2939 sententiam
544 2893 647 2950 snam,
678 2876 714 2938 et
747 2869 854 2939 inficit
890 2871 998 2957 ipsum
1020 2873 1147 2959 vulgus
1203 2874 1248 2940 Et
1283 2877 1362 2961 quia

309 2975 416 3041 omnis
431 2975 529 3040 homo
553 2973 664 3060 diligit
678 2994 776 3059 opera
799 2994 866 3050 sita,
882 2976 922 3038 ut
936 2972 1132 3040 Aristoteles
1146 2974 1229 3041 dicit
1242 2983 1361 3062 quarto

307 3073 526 3157 Ethioornm,⁶
552 3082 587 3143 et
612 3076 748 3162 planum
772 3078 831 3154 ast,
863 3097 901 3142 ao
935 3074 1023 3160 quod
1056 3075 1224 3162 diligimus
1258 3080 1360 3145 trahi.

307 3202 382 3246 mus
398 3180 540 3248 libenter
553 3179 590 3246 in
605 3177 883 3258 consuetudinem,
899 3178 973 3244 ideo
987 3181 1167 3247 consuescit
1181 3180 1234 3248 hic
1248 3187 1362 3250 auctor

305 3305 439 3350 sensum
462 3303 560 3350 suum
586 3285 621 3347 et
644 3279 752 3347 nutrit
776 3280 896 3367 vulgus
910 3280 947 3346 in
968 3280 1093 3350 eodem.
1139 3282 1186 3351 Et
1199 3284 1273 3353 ideo
1289 3285 1361 3354 hic⁶

308 3386 461 3453 accidunt
484 3385 553 3451 haec
580 3383 647 3450 tria
672 3382 782 3448 mala:
806 3382 937 3464 scilicet,
961 3385 1141 3454 audoritas
1166 3387 1300 3477 fragilis,
1323 3394 1359 3458 et

305 3510 421 3555 sensus
455 3486 557 3575 vulgi,
592 3491 627 3552 et
666 3486 877 3568 consuetudo,
922 3508 964 3552 ex
998 3487 1182 3557 defensione
1218 3493 1359 3580 propriae

304 3590 511 3678 ignorantia,
549 3609 623 3656 cum
660 3587 883 3656 ostentatione
931 3588 1001 3674 ejus
1049 3592 1137 3675 quod
1174 3593 1286 3674 scitur,
1323 3600 1359 3663 et

304 3692 533 3781 reprobatione
556 3711 670 3758 eornm
694 3712 769 3776 quae
789 3689 987 3758 nesciuntur.
1033 3691 1228 3777 Aperiamus
1254 3694 1358 3781 igitur

304 3794 527 3884 ignorantiam
546 3797 704 3873 nostram,
720 3798 760 3858 ut
781 3791 962 3858 remedium
977 3814 1162 3878 quaeramus
1177 3795 1356 3881 sapientiae,

304 3903 340 3966 et
374 3897 461 3963 nihil
483 3900 694 3976 ostentemus,
720 3895 777 3961 ssd
803 3893 974 3960 humiliter
999 3894 1081 3960 alios
1111 3896 1291 3979 doceamus,
1322 3905 1357 3966 et

304 4022 373 4068 non
402 3999 613 4086 reprobemus
642 4019 716 4083 quaa
747 3997 943 4085 ignoramus,
974 4000 1009 4063 et
1039 4019 1113 4083 quae
1138 3999 1258 4065 scimus
1278 4022 1356 4095 'esse

306 4103 390 4172 falsa
417 4101 628 4190 reprobemus
657 4100 728 4166 sine
759 4099 979 4181 contentione,
1011 4103 1047 4167 et
1075 4099 1145 4167 sino
1167 4101 1355 4172 confusione

340 4409 346 4438 ¹
359 4399 529 4472 mactabunt]
548 4405 596 4468 his,
614 4402 644 4456 T.
804 4443 806 4446 -
892 4408 1094 4478 ‘Secundam
1113 4411 1160 4477 Ep.
1178 4413 1245 4467 xciv.
1260 4432 1285 4482 p.
1296 4420 1353 4466 450.

336 4565 524 4638 mecam]
542 4565 690 4628 macone,
707 4564 737 4618 r.
857 4487 1066 4662 lxm,
1085 4571 1168 4629 aaa
1187 4574 1354 4633 sanum.

337 4725 500 4796 'reprotcnd
516 4717 640 4795 reprobet,
656 4726 687 4778 T.
856 4647 1041 4794 §lotioffomz
1048 4654 1079 4784 i.
1090 4652 1138 4718 μ’
