3294 5744
194 762 301 849 surr]
596 778 683 827 orus
704 777 866 828 murrum
1209 761 1253 834 ⁷3

195 949 242 1015 eis
272 969 403 1014 omnem
431 948 629 1014 occasionem
667 947 862 1034 ignorantias
891 953 927 1014 et
955 949 1080 1035 peccati
1116 947 1253 1016 anferre.

198 1051 298 1117 Unde
321 1049 524 1138 principibus
543 1055 580 1117 et
605 1050 752 1137 praelatis
773 1049 845 1117 haec
867 1050 1086 1117 consideratio
1110 1051 1254 1118 maximo

195 1153 298 1234 valet,
325 1152 405 1240 quia
429 1174 497 1217 non
519 1153 626 1218 solum
646 1153 770 1218 habent
800 1152 865 1218 sibi
887 1151 969 1239 ipsis
986 1154 1170 1241 providere,
1195 1154 1254 1220 sed

196 1256 284 1343 plebi
310 1256 498 1333 commissae,
526 1276 601 1341 ques
630 1276 758 1342 semper
787 1260 940 1321 movetur
960 1256 1139 1321 secundum
1168 1256 1255 1322 arbi·⁴
1292 1281 1296 1286 ’
1405 1280 1408 1286 ·

197 1357 300 1423 trium
323 1356 539 1444 praesidentis,
570 1357 648 1444 quia
669 1356 758 1443 quod
778 1356 919 1444 principi
946 1356 1016 1443 ejus
1041 1358 1152 1443 placet
1172 1356 1256 1446 legis
1344 1346 1346 1349 ’

197 1458 287 1546 apud
324 1459 429 1546 ipsam
466 1458 568 1524 habet
605 1458 765 1545 vigorem.
826 1458 872 1523 Et
900 1458 1082 1525 multitudo
1120 1465 1254 1547 accepta

198 1561 340 1628 veritate
377 1562 418 1627 de
455 1560 544 1626 facili
581 1566 692 1626 mutat
728 1560 937 1642 sententiam,
975 1566 1016 1627 ut
1053 1560 1136 1628 dicit
1173 1561 1256 1628 Hie·

198 1684 356 1750 ronymus
385 1685 482 1750 super
512 1659 669 1729 Esaiam¹
717 1663 817 1731 Unde
843 1663 921 1730 lieet
940 1683 1010 1729 non
1038 1669 1150 1752 potest
1179 1663 1256 1730 duci

198 1766 241 1831 ad
271 1765 512 1852 perfectionem,
543 1765 622 1852 quia
651 1765 712 1832 hoo
733 1770 896 1852 repugnat
924 1771 1054 1833 naturas
1075 1767 1177 1854 vulgi,
1202 1771 1255 1832 ta·

199 1889 275 1934 men
297 1867 381 1933 bene
407 1873 518 1954 potest
549 1867 638 1933 trahi
663 1867 706 1932 ad
733 1867 938 1953 agnitionem
963 1868 1123 1950 veritatis,
1150 1868 1255 1934 siills

199 1969 258 2056 qui
295 1974 416 2057 praeest
461 1968 606 2034 ostendit
643 1967 736 2034 eam²
773 1967 875 2035 verbo
912 1973 947 2034 et
983 1968 1079 2035 sacto.
1147 1969 1256 2037 Causa

199 2072 288 2137 enim
321 2092 423 2159 quare
453 2070 601 2136 infideles
630 2093 699 2137 non
727 2075 964 2137 convertuntur
992 2069 1037 2136 ad
1064 2069 1165 2137 fidem
1194 2078 1256 2154 est,

199 2175 278 2262 quia
301 2174 464 2262 principes
487 2179 522 2238 et
545 2172 675 2260 praelati
705 2193 818 2239 eorum
848 2177 965 2238 tenent
990 2193 1046 2238 eos
1077 2172 1114 2238 in
1135 2194 1253 2254 errore,

201 2282 236 2342 et
261 2278 381 2344 siccet
410 2276 447 2340 in
477 2275 567 2341 omni
594 2279 694 2341 statu
756 2273 822 2340 Sed
851 2273 1004 2340 infinitus
1029 2278 1080 2340 est
1110 2274 1255 2342 defectus

201 2379 314 2458 ineis,
341 2378 399 2464 qui
425 2381 574 2465 praesunt
595 2400 683 2443 nunc
709 2375 866 2464 temporis
887 2376 998 2443 studio
1028 2382 1063 2444 et
1084 2376 1190 2455 vitm,³
1218 2382 1255 2444 et

201 2479 275 2546 ideo
299 2485 430 2567 oportet
450 2480 539 2566 quod
566 2480 712 2565 subjecta
734 2478 912 2545 multitudo
931 2483 1019 2546 erret
1044 2479 1080 2545 in
1102 2479 1253 2548 infinitis

613 2769 692 2836 ΟΔΡ.
716 2769 851 2836 ΧΧΙΙΙ.

247 2962 390 3026 Dnlnun
418 2980 591 3048 aggressus
628 2982 701 3024 snm
732 2965 860 3047 partem
894 2959 1091 3041 secundom,⁴
1122 2960 1159 3026 in
1189 2981 1255 3046 qua
1268 2979 1325 3033 'rho

203 3063 340 3131 ostendo
364 3062 453 3149 quod
476 3084 544 3128 una
567 3061 638 3127 sola
664 3067 715 3127 eet
745 3061 909 3149 sapientia
934 3061 1085 3149 perfecta,
1116 3061 1159 3128 ab
1189 3049 1422 3128 uno⁸⁰“⁰¹¹‘¹¹¹m

203 3165 276 3231 Deo
302 3163 382 3230 duta
406 3163 466 3230 uni
489 3162 602 3251 generi
634 3162 778 3228 humano
815 3167 949 3251 propter
985 3161 1108 3229 unum⁵
1144 3163 1253 3245 finem,
1267 3113 1421 3245 inf-tidem

1266 3247 1395 3298 doeen'bed
1406 3265 1414 3299 ι

1267 3329 1301 3364 sc
1310 3321 1420 3365 onetrna

203 3371 338 3447 tinetur,
376 3390 435 3456 per
469 3367 526 3454 jus
563 3373 676 3434 tamen
713 3368 906 3435 canonicum
942 3374 977 3435 et
1013 3368 1252 3457 philosophiam
1263 3379 1423 3458 anunm

202 3470 403 3559 explicanda.
456 3471 547 3536 Nam
581 3469 737 3557 quiequid
768 3474 819 3537 est
847 3471 1048 3537 contrarium
1081 3447 1377 3580 sapientiaeffi

204 3573 277 3651 Dei,
301 3573 355 3640 vel
379 3572 534 3652 alienum,
564 3580 614 3639 eat
636 3594 808 3640 erroneum
838 3578 873 3640 et
902 3574 1023 3651 inune3
1053 3594 1113 3639 neo
1142 3578 1331 3660 potentum,
1346 3581 1398 3632 mu

203 3676 347 3741 humano
370 3674 482 3762 generi
504 3674 622 3740 valere.
703 3674 749 3740 Et
774 3675 836 3742 hoc
859 3675 996 3742 ostendo
1020 3696 1079 3762 per
1107 3675 1251 3762 proprio-
1263 3647 1415 3780 &iffi

204 3783 308 3844 tatem
332 3776 420 3862 juris
458 3775 614 3853 canonici,
664 3781 700 3841 et
735 3798 794 3864 per
822 3774 1061 3864 philosophiam
1092 3775 1253 3864 multipli-

203 3879 301 3959 citer3
325 3883 360 3945 et
384 3876 445 3943 sub
470 3877 676 3964 philosophia
696 3880 936 3965 comprehendo
961 3878 1018 3967 jus
1043 3877 1149 3959 civile,
1176 3880 1256 3966 quia

203 3980 418 4069 proculdubio
439 3985 491 4046 est
512 4000 587 4066 pers
609 3980 698 4066 ejus:
730 4001 808 4047 nam
829 3983 1018 4050 continetur
1039 3981 1100 4047 sub
1113 3981 1256 4049 secunda

203 4087 299 4169 parte
322 4081 456 4149 moraiis
480 4080 703 4168 philosophiae,
722 4087 762 4150 ut
782 4084 932 4172 superium
954 4089 1005 4152 est
1019 4082 1195 4167 notatum,6
1219 4092 1255 4154 et

205 4189 299 4271 patet
314 4205 357 4250 ex
373 4184 479 4271 Opere
499 4183 628 4270 Majori.

202 3267 325 3333 scilicet
348 3267 456 3333 vitum
478 3271 647 3347 aeternum,
668 3287 742 3353 quae
767 3266 803 3330 in
820 3265 921 3332 sacris
939 3266 1061 3332 litteris
1080 3270 1155 3334 totu
1178 3288 1253 3333 oon-

239 4485 380 4554 ¹Eeaicrn]
398 4487 434 4540 iii.
445 4487 485 4539 ch.
499 4492 522 4542 7.
787 4491 797 4522 ⁴
804 4499 899 4558 parcen
915 4495 1057 4565 mundun]
1075 4497 1147 4566 Opus
1162 4501 1255 4568 Maius,

237 4566 323 4632 ἐπα]
342 4567 418 4629 illam,
436 4567 468 4619 Τ.
755 4588 779 4636 p.
789 4577 829 4623 23.

239 4645 303 4697 'eod
312 4647 443 4711 infinitus.
461 4684 469 4700 .
486 4684 494 4702 .
511 4648 704 4717 usdaudein]
789 4650 895 4718 ἀπα]
914 4653 1040 4719 ultimum,
1056 4655 1088 4710 B.

208 4725 238 4776 T.
273 4724 424 4780 Cuteriom.
789 4731 1021 4800 'mtumptu
1144 4770 1150 4780 ·
