3586 5640
447 757 514 824 268
820 767 950 818 uocum
972 766 1118 818 sacoma
1411 750 1501 837 [cur.

447 933 536 999 enim
573 939 624 1000 est
660 953 737 1020 pars
773 932 955 998 necessaria
992 931 1134 1010 musicae,
1167 929 1251 996 sicut
1289 929 1500 1017 Augustinus

448 1035 542 1101 docet
563 1035 706 1102 secundo
722 1032 876 1112 Musicae,¹
893 1035 1004 1100 dicens
1027 1032 1134 1120 quod²
1150 1033 1282 1120 plausus
1300 1033 1501 1099 necessarius

448 1138 610 1223 estquis
631 1160 698 1202 non
721 1136 826 1202 solum
858 1141 908 1201 cst
938 1136 1114 1201 delectatio
1145 1136 1278 1200 auditus
1309 1136 1500 1216 necessaria,

449 1240 506 1305 sed
529 1241 628 1306 visua
675 1239 741 1305 Sed
770 1238 940 1325 Scriptura
974 1239 1072 1324 plena
1094 1242 1144 1303 est
1166 1239 1226 1315 his,
1249 1260 1328 1302 nam
1350 1239 1502 1326 praecipit

448 1342 602 1407 omnibus
616 1341 788 1429 gentibus:
802 1338 816 1377 ³
840 1340 1021 1406 “Plaudite
1036 1341 1200 1417 manibus,
1213 1345 1248 1405 et
1263 1341 1414 1406 exulta-te
1430 1340 1501 1406 Deo

448 1449 466 1480 “
488 1443 634 1529 adjutori
655 1441 793 1509 veetr0.'’
817 1442 863 1508 Et
887 1450 904 1476 “
916 1441 1064 1507 Laudato
1091 1441 1200 1507 Deum
1223 1441 1260 1506 in
1282 1447 1443 1528 tympano
1467 1448 1503 1508 et

448 1552 467 1582 “
489 1544 615 1611 choro.''
659 1545 712 1611 Ibi
743 1550 794 1611 est
816 1545 934 1611 chorus
967 1566 1027 1630 pro
1059 1543 1185 1624 chorea,
1219 1545 1399 1609 secundum
1432 1544 1503 1610 He·

446 1646 601 1715 braeum.⁴
647 1647 693 1712 Et
715 1647 857 1713 secundo
874 1647 1011 1733 Regum,
1027 1651 1131 1725 sexto,
1148 1645 1276 1711 inducit
1291 1645 1403 1710 David
1424 1647 1501 1712 sub

447 1750 612 1816 silientem
642 1754 678 1815 et
700 1749 877 1815 saltantem
905 1769 1013 1814 coram
1046 1747 1134 1813 Arca
1166 1747 1310 1812 Domini.
1380 1747 1426 1813 Et
1455 1749 1503 1814 sio

450 1851 564 1930 Maria,
586 1873 678 1917 soror
716 1851 836 1936 Moysi,
860 1873 934 1917 cum
973 1850 1100 1916 caeteris
1137 1848 1333 1915 mulieribus
1369 1849 1502 1940 choreas

447 1956 640 2035 duxeruut3
663 1954 762 2021 etsie
782 1975 841 2040 per
863 1953 934 2019 loca
958 1952 1139 2040 Scriptura
1155 1951 1410 2017 innumerabilia
1424 1958 1503 2018 aaut

447 2056 607 2122 vocabula
636 2056 734 2121 istius
765 2055 870 2142 partis
903 2054 1036 2122 musicae
1062 2076 1197 2141 sparsa;
1232 2058 1272 2118 ut
1294 2054 1396 2119 etiam
1425 2055 1502 2120 bea·

446 2159 574 2224 tissima
596 2158 700 2246 Virgo
723 2158 831 2224 dicat:
869 2156 1077 2222 “Exultavit
1099 2156 1236 2242 spiritus
1257 2178 1349 2222 meus
1371 2155 1407 2221 in
1430 2157 1502 2223 Deo

449 2271 467 2297 “
489 2260 628 2326 salutari
643 2282 716 2326 meo
728 2258 756 2340 ;'’
789 2281 849 2325 nos
871 2282 929 2346 per
951 2259 1012 2325 hoc
1035 2259 1154 2324 docens
1177 2259 1267 2344 quod
1289 2257 1359 2324 haeo
1383 2260 1503 2342 omnia,

447 2384 521 2448 quae
553 2362 641 2449 Lege
662 2361 774 2428 Veteri
806 2362 895 2427 facta
917 2365 997 2426 eunt
1019 2361 1062 2426 ad
1086 2360 1225 2440 literam,
1249 2359 1408 2426 faciamus
1437 2362 1503 2449 spi-

447 2462 634 2544 ritualiter;
665 2467 699 2529 et
725 2463 905 2529 secundum
927 2463 1059 2528 literam
1082 2467 1116 2528 et
1138 2463 1318 2528 secundum
1348 2463 1503 2550 spiritum

447 2586 650 2652 exponamus
673 2569 806 2630 textum
830 2563 894 2629 Dei
917 2563 1107 2650 hujusmodi
1134 2564 1366 2630 continentem.
1415 2565 1503 2647 Qua·

447 2672 582 2755 propter
614 2671 745 2754 oportet
774 2688 835 2732 nos
857 2665 939 2732 scire
961 2667 1180 2754 proprietates
1211 2667 1348 2733 istorum
1371 2672 1406 2733 et
1428 2690 1503 2735 con·

450 2769 602 2847 ditiones,
640 2773 680 2834 ut
716 2789 848 2834 sonsum
870 2767 1032 2834 literalem
1063 2789 1275 2854 exponamus,
1306 2773 1341 2834 et
1370 2771 1502 2857 spiritu-

451 2872 537 2938 alem
568 2871 789 2938 extrahamus
859 2870 926 2936 Sed
962 2870 1081 2935 horum
1103 2870 1227 2935 notitia
1253 2874 1304 2936 est
1336 2893 1378 2937 ex
1409 2877 1505 2959 pa1te

451 2974 583 3040 musicae
605 2973 647 3039 de
669 2972 794 3038 visibili
811 2972 1025 3060 jucunditate
1048 2972 1250 3053 constituta;
1281 2977 1316 3037 et
1337 2972 1413 3040 ideo
1434 2975 1505 3041 haeo

451 3101 535 3166 pars,
560 3076 646 3143 sicut
667 3081 802 3152 caeterae,
826 3074 1007 3141 necessaria
1029 3079 1080 3140 est
1101 3074 1167 3161 legi
1190 3074 1322 3142 divinae.

867 3408 947 3474 Osr.
971 3408 1075 3473 LXV.

283 3594 425 3647 Adesenoa
497 3587 666 3653 Postume
688 3586 866 3653 videbatur
888 3587 970 3652 mihi
998 3591 1218 3674 opportunum
1249 3588 1390 3656 inserere
1420 3590 1504 3676 capi·

283 3662 416 3783 gfff&
451 3690 560 3757 tulum
599 3690 640 3754 de
682 3691 895 3755 excusatione
940 3689 1192 3768 mathematicae,
1229 3696 1269 3756 ut
1313 3712 1504 3757 evacuarem

451 3792 624 3858 mendacia
647 3815 721 3879 quae
744 3792 775 3857 ei
797 3791 993 3857 inferuntur.
1039 3792 1128 3857 Nam
1150 3792 1248 3857 aliter
1270 3792 1341 3878 ejus
1355 3793 1436 3873 laus,
1464 3793 1504 3859 de

451 3916 517 3981 qua
539 3895 667 3960 locutus
690 3892 787 3959 sum⁵
811 3916 916 3980 super,
934 3894 1170 3982 denigrabitur,
1195 3901 1229 3960 et
1250 3895 1286 3959 in
1308 3896 1414 3982 gloria
1436 3894 1505 3981 ejus

450 3997 578 4062 macula
600 4002 747 4084 ponetur.
795 3995 957 4062 Homines
987 3997 1075 4062 enim
1109 3994 1253 4083 semper⁶
1286 4002 1366 4062 sunt
1396 3998 1504 4085 parati

449 4099 623 4186 reprobare
647 4100 736 4185 quod
765 4099 926 4180 nesciunt,
966 4105 1000 4166 et
1039 4122 1113 4185 quae
1146 4121 1215 4164 non
1247 4105 1326 4165 sunt
1357 4100 1503 4187 vulgata,

652 4290 741 4295 -·———-
1094 4291 1173 4296 —————
1334 4291 1499 4299 ———-

482 4399 489 4428 ¹
502 4397 604 4447 secundo
615 4395 735 4464 Musica]
748 4415 802 4464 cap.
815 4400 850 4450 xi.
1035 4401 1043 4430 ‘
1056 4400 1199 4468 Hetroeum]
1219 4403 1348 4463 Hebraeos,
1360 4403 1391 4453 Τ.

481 4477 577 4542 ²quod]
597 4477 663 4540 quia,
676 4478 708 4527 Τ.
1036 4480 1147 4530 'loculus
1163 4481 1228 4547 sarm]
1248 4498 1303 4531 sum
1326 4483 1430 4543 locutus,
1449 4483 1479 4534 Τ.

480 4555 608 4605 ’omnibus
618 4555 740 4623 gentibue]
760 4573 847 4607 omnes
855 4567 951 4624 gentes,
1035 4560 1046 4588 ⁶
1057 4560 1162 4626 seraper]
1176 4577 1226 4611 om.
1238 4560 1268 4611 Τ.

448 4634 478 4687 Β.
