3586 5640
455 798 522 860 412
832 811 961 860 aooaar
985 810 1132 860 moours
1419 796 1509 882 [car.

454 985 515 1064 dit,
538 985 574 1049 iu
594 985 680 1049 libro
704 984 754 1049 De
781 982 927 1062 Officiis)
959 986 1129 1052 rationem.
1167 986 1231 1051 Per
1260 990 1370 1052 totum
1395 988 1508 1074 igitur,

454 1086 614 1151 mundum
660 1087 779 1152 ecimus
828 1086 995 1151 luxuriam
1047 1109 1184 1174 regnare
1230 1088 1268 1152 in
1319 1088 1509 1155 hominihus

453 1192 569 1255 contra
604 1189 792 1254 naturalem
831 1189 1028 1275 dignitatem
1068 1189 1218 1255 hominia
1275 1189 1322 1255 Et
1358 1190 1432 1256 ideo
1469 1193 1510 1256 fit

453 1290 551 1356 homo
584 1289 721 1356 brutum
760 1289 884 1355 animal
923 1296 957 1355 et
995 1290 1070 1376 plus
1108 1312 1209 1376 quam
1246 1291 1392 1372 brutum,
1431 1292 1510 1378 quia

453 1391 553 1458 bruta
586 1397 625 1457 ut
661 1393 697 1456 in
734 1391 881 1478 pluribus
918 1396 1053 1458 servant
1090 1398 1241 1480 tempora
1282 1393 1397 1458 debita
1433 1417 1509 1460 oon-

452 1493 634 1579 junctionia
671 1493 842 1571 normalis,
890 1498 926 1559 et
971 1499 1113 1560 utuntur
1166 1517 1257 1561 more
1302 1495 1508 1562 naturaliter.

454 1595 521 1660 Sed
544 1596 695 1662 homines
716 1594 846 1660 nullum
880 1606 1010 1683 tempus
1033 1597 1219 1662 observant.
1255 1596 1358 1684 [egee
1380 1597 1509 1664 violant

452 1697 626 1763 uatmalea
681 1697 820 1764 Necesse
851 1703 902 1763 eet
932 1698 1036 1785 igitur
1065 1699 1153 1785 quod
1176 1721 1234 1786 per
1255 1700 1318 1764 hoc
1341 1706 1509 1787 peecatum

452 1798 553 1866 homo
584 1801 776 1866 destruatur
796 1801 833 1864 in
866 1801 1067 1887 proprietate
1100 1802 1245 1867 naturali
1267 1823 1335 1887 qua
1356 1825 1378 1866 a
1398 1801 1508 1868 brutis

287 1908 348 1960 Men
356 1909 432 1990 given
453 1901 625 1990 discrepat,
641 1908 676 1968 et
698 1901 760 1968 hoc
781 1902 817 1967 in
839 1903 1012 1990 sapientiae
1026 1904 1198 1991 dignitate
1246 1903 1356 1970 Multa
1369 1909 1508 1990 poenmt

285 1977 442 2108 ἓξὲξ
452 2004 551 2071 scribi
574 2006 615 2071 de
636 2005 707 2087 his3
743 2005 801 2071 sed
823 2009 955 2071 transeo
976 2006 1112 2072 firmana
1134 2002 1288 2071 eicientiaa
1309 2011 1507 2087 sanctorum,

285 2111 419 2161 eumue
452 2111 488 2173 et
517 2106 793 2194 philosophorum,
817 2112 852 2173 et
873 2107 1060 2195 sapientum
1091 2108 1248 2190 omnium,
1271 2112 1307 2173 et
1327 2108 1506 2175 aecrrndum

284 2189 441 2296 ffffi
452 2208 604 2298 exempla
625 2231 699 2296 quae
721 2209 871 2276 videmus
893 2208 1035 2291 infinita,
1050 2209 1138 2296 quod
1161 2209 1259 2277 homo
1282 2211 1414 2278 deditus
1436 2233 1510 2298 peo-

451 2311 534 2377 catia
557 2333 625 2378 non
650 2316 761 2398 potest
786 2311 942 2398 proficere
971 2312 1008 2377 in
1030 2313 1193 2399 sapientia
1260 2312 1307 2379 Et
1329 2313 1404 2379 ideo
1430 2335 1507 2379 cum

446 2411 587 2498 juvence
608 2435 643 2479 ae
672 2414 754 2479 dant
786 2413 927 2499 peccatis
949 2413 1090 2482 luxuriae
1112 2420 1147 2481 et
1167 2414 1263 2501 girlae,
1286 2419 1322 2481 et
1342 2437 1402 2502 per
1431 2436 1507 2480 oon-

450 2536 588 2600 aequeue
619 2516 686 2596 irae,
724 2520 760 2581 et
790 2515 934 2595 invidiae,
965 2521 1002 2583 et
1038 2517 1206 2605 superbie,
1230 2521 1265 2583 et
1287 2517 1415 2595 acediae,
1438 2539 1508 2583 non

451 2623 589 2704 possunt
625 2617 756 2704 aliquid
793 2617 932 2704 dignum
970 2618 1077 2685 facere
1113 2619 1150 2684 in
1183 2618 1303 2685 studio.
1351 2619 1397 2685 Et
1430 2641 1505 2684 cum

450 2720 619 2786 senuerint
655 2741 723 2784 non
759 2720 918 2786 recedunt
953 2742 975 2785 a
1011 2720 1247 2789 consuetudine
1279 2720 1375 2799 mala,
1403 2721 1507 2807 juxta

451 2821 577 2889 dictum
600 2821 807 2902 Salomonis,
829 2822 931 2889 immo
953 2823 1060 2910 magis
1082 2823 1327 2905 confirmantur,
1350 2823 1416 2888 nisi
1437 2825 1507 2889 sint

450 2925 555 3012 aliqui
576 2923 772 3013 paucissimi,
796 2924 916 3011 quibua
946 2925 1037 2991 Deua
1066 2926 1210 3012 gratiam
1232 2925 1292 2991 dat
1313 2925 1506 3012 specialem

450 3028 508 3094 aed
546 3029 650 3116 aragia
688 3049 726 3094 aa
757 3028 863 3114 magis
894 3032 1101 3093 excaecantur
1131 3049 1190 3114 per
1221 3028 1397 3108 luxuriam,
1420 3029 1505 3093 sicut

451 3131 627 3216 probatum
649 3135 700 3197 est
722 3130 783 3196 hoc
805 3151 900 3210 anno,
925 3130 1013 3215 quod
1047 3129 1147 3194 multi
1173 3129 1319 3217 theologi
1349 3128 1503 3210 Parisino,

284 3239 420 3308 'rhisyear
450 3232 565 3318 etqui
596 3233 749 3319 legerunt
786 3232 822 3295 in
856 3231 1029 3318 theologia,
1065 3235 1144 3296 eunt
1166 3231 1304 3318 relegati
1327 3253 1348 3295 a
1369 3231 1505 3296 civitate

283 3322 430 3424 fflff'*
450 3337 485 3398 et
507 3354 528 3397 a
549 3355 651 3420 regno
668 3333 826 3413 meiae,
849 3355 909 3421 per
932 3333 1054 3398 multoe
1075 3354 1187 3414 annos,
1204 3333 1332 3420 publice
1355 3332 1506 3398 damnati

284 3440 414 3520 emnem
451 3440 585 3522 propter
618 3436 828 3502 sodomiticas
862 3436 1018 3502 vilitates,
1064 3434 1110 3501 Et
1143 3436 1172 3501 si
1204 3435 1307 3521 aliqui
1340 3441 1504 3523 provectae

283 3506 428 3624 iffissssm
450 3538 571 3619 aetatia,
587 3537 710 3604 scilicet
725 3560 797 3604 cum
815 3542 987 3606 transeant
1002 3541 1110 3603 status
1128 3538 1327 3625 juventutis,
1350 3538 1505 3604 videlicet

283 3654 355 3717 ΜΨ
450 3645 525 3727 poet
562 3641 701 3729 triginta
738 3662 851 3721 annos,
888 3662 947 3728 per
984 3641 1126 3728 gratiam
1157 3640 1221 3706 Dei
1258 3640 1447 3706 abstineant
1484 3663 1505 3705 a

283 3719 381 3757 mm
449 3743 589 3823 luxurie,
625 3749 739 3810 tamen
772 3749 853 3809 tuno
875 3743 990 3830 vigent
1012 3745 1049 3808 in
1072 3743 1121 3808 eia
1154 3748 1287 3830 peccota
1309 3743 1504 3831 spiritualia,

449 3868 524 3933 quae
560 3847 733 3933 nequioria
764 3851 862 3927 eunt3
894 3847 972 3934 quia
1003 3852 1083 3912 tunc
1113 3846 1253 3912 ambitio
1275 3846 1447 3928 honorum,
1470 3851 1506 3912 et

449 3950 620 4037 cupiditas,
660 3960 695 4016 et
740 3949 884 4016 avaritia
920 3954 1039 4015 tenent
1077 3970 1196 4014 omuee.
1254 3949 1302 4014 Ilt
1339 3971 1414 4015 cum
1460 3948 1503 4015 ad

449 4052 588 4118 honores
610 4057 646 4118 et
668 4052 803 4118 divitica
834 4051 1021 4138 pertingere
1053 4073 1120 4117 non
1153 4057 1290 4138 poscunt
1323 4051 1384 4117 hoc
1418 4056 1501 4116 tem·

450 4175 527 4240 pore
558 4155 628 4220 sine
659 4155 768 4220 multa
801 4154 929 4219 invidia
962 4153 1110 4232 aliorum,
1136 4154 1214 4239 quia
1240 4153 1380 4239 quilibet
1401 4152 1503 4218 vellet

449 4255 568 4324 habere
599 4258 686 4342 quod
723 4256 824 4324 habet
859 4256 952 4335 alius,
991 4256 1096 4322 oritur
1132 4257 1168 4322 in
1205 4256 1358 4323 cordibus
1389 4276 1501 4323 eorum
