3586 5640
724 786 810 833 orus
832 786 949 834 umus.
1292 775 1356 839 315

305 965 385 1026 tunc
406 964 457 1025 est
471 964 588 1047 potens
610 981 740 1026 omnem
763 959 1006 1047 ignobilitatem
1021 960 1148 1028 tollere.
1196 962 1241 1027 Et
1263 968 1358 1029 sexta

304 1066 390 1129 libra
413 1064 571 1150 purgabit
592 1063 682 1127 mille
712 1063 817 1126 millia
847 1067 881 1126 et
904 1063 1093 1128 convertet¹
1142 1064 1188 1129 Et
1218 1065 1278 1130 hoo
1304 1071 1355 1131 est

304 1167 392 1251 quod
417 1187 551 1251 corpora
577 1165 708 1228 infirma
733 1165 867 1229 reducet
890 1165 933 1229 ad
960 1165 1145 1245 sanitatem,
1170 1171 1205 1230 et
1228 1189 1356 1232 conser-

305 1269 400 1333 vabit
422 1290 461 1332 ea
487 1272 601 1333 contra
624 1289 754 1331 omnem
779 1266 987 1343 occasionem,
1012 1273 1046 1332 et
1066 1267 1181 1345 vitam,
1209 1269 1237 1332 si
1265 1270 1356 1334 Deus

304 1371 455 1449 voluerit,
494 1371 582 1434 ultra
613 1368 816 1434 centenarios
854 1369 1039 1433 annorum⁹
1067 1370 1285 1456 prolongabit,
1316 1375 1357 1436 ut

304 1473 391 1537 facta
425 1478 475 1536 est
504 1472 628 1536 mentio
650 1471 809 1556 copiosior
838 1470 896 1534 in⁸
924 1470 1061 1535 scientia
1098 1473 1357 1558 experimentali.

307 1576 373 1639 Sed
411 1574 490 1661 quis
525 1595 578 1638 ars
614 1573 767 1637 imitatur
807 1577 961 1636 naturam
993 1578 1027 1637 11
1057 1595 1128 1638 eam
1159 1576 1294 1660 perficit,
1323 1580 1358 1641 et

305 1683 431 1741 certum
456 1680 506 1740 est
529 1698 586 1762 per
609 1676 679 1741 haec
705 1697 803 1761 opera
825 1679 860 1738 et
886 1673 967 1738 elias
990 1676 1219 1760 experientias,
1266 1675 1354 1741 Nam

305 1780 392 1864 quod
414 1784 533 1842 natura
554 1777 633 1842 fecit
652 1777 689 1840 in
709 1776 854 1841 millibus
870 1797 1040 1852 annorum,
1057 1799 1110 1842 ars
1128 1784 1237 1864 potest
1251 1779 1355 1845 facere

306 1902 373 1944 una
395 1880 456 1958 die,
480 1885 520 1944 ut
542 1879 624 1944 dicit
647 1878 818 1942 Avicenna
839 1878 876 1942 in
898 1878 983 1942 libro
1007 1878 1059 1944 De
1081 1878 1212 1945 Anima.

351 1981 396 2047 Et
427 2003 544 2067 corpus
573 1979 778 2045 hibernicum
800 1980 841 2044 fit
871 2001 914 2044 ex
945 2000 1025 2044 suro
1055 1981 1134 2047 vivo
1156 1982 1291 2063 mundo,
1322 1988 1357 2049 et

307 2084 456 2149 claritate
481 2084 533 2147 sui
557 2083 723 2167 comparis,
750 2087 790 2146 ut
816 2081 901 2172 dicit
924 2082 1097 2148 Avioenna
1123 2083 1209 2149 libro
1235 2106 1357 2150 memo-

306 2192 389 2265 rato,
421 2192 455 2250 et
479 2206 590 2249 onmes
613 2189 760 2248 auctores
783 2185 988 2250 concordant.
1034 2186 1126 2251 luno
1147 2187 1357 2252 menifestum

306 2295 357 2354 est
384 2289 472 2374 quod
498 2309 551 2351 ars
575 2287 697 2371 poterit
720 2307 761 2350 ex
785 2285 912 2352 duobus
943 2289 1108 2373 praedictis
1139 2311 1257 2354 aurum
1284 2311 1357 2375 pro·

307 2394 424 2458 ducere
446 2389 541 2476 quale
564 2410 631 2453 non
654 2388 805 2475 producit
827 2390 960 2474 quando
982 2389 1050 2455 eis⁴
1072 2391 1194 2478 viginti
1218 2397 1359 2477 quatuor

306 2494 478 2583 graduum,
503 2492 593 2578 quod
613 2496 664 2557 est
686 2491 840 2556 ultimum
856 2493 945 2576 quod
967 2497 1088 2559 natura
1111 2498 1222 2580 potest
1244 2495 1358 2560 facere.

307 2597 371 2662 Sed
399 2595 428 2659 si
454 2595 660 2681 experientia
690 2593 810 2658 certior
834 2593 980 2671 excedet,
1004 2600 1085 2661 tunc
1107 2617 1225 2661 eurum
1247 2601 1359 2683 potest

307 2700 379 2764 fieri
394 2719 672 2784 quorumcumque
687 2695 860 2783 graduum,
875 2700 916 2760 ut
931 2696 1090 2762 instantia
1105 2698 1357 2784 experimentali

307 2802 390 2866 facio
413 2800 623 2866 mentionem.
672 2790 755 2864 Haeo
774 2799 942 2875 hactenus,
962 2799 1063 2863 donec
1079 2801 1225 2865 omnium
1240 2802 1357 2865 horum

307 2908 463 2989 sequatur
486 2903 647 2988 expositio
671 2901 776 2986 plana,
804 2904 844 2964 ut
870 2904 940 2964 tam
971 2901 1072 2986 vulgo
1105 2922 1205 2986 quam
1231 2904 1357 2987 sapien-

307 3007 398 3071 tibus
427 3004 575 3070 sufficiat.
639 3002 704 3067 Sed
735 2999 865 3066 11111111ὅ
879 3000 973 3087 vulgi
988 3023 1116 3087 semper
1142 3003 1359 3068 excaecabitur

308 3109 351 3173 ad
373 3129 470 3172 omne
496 3128 576 3193 opus
606 3103 784 3191 sapientiae,
809 3101 969 3186 quiahoc
992 3104 1022 3166 ci
1047 3104 1214 3190 proprium
1245 3109 1295 3169 est
1324 3111 1359 3170 et

309 3208 435 3274 sufficit.
503 3209 696 3294 Sapientum
728 3225 805 3268 vero
837 3204 934 3268 corda
964 3215 1064 3290 atque
1094 3206 1229 3271 consilis
1259 3207 1360 3294 digne

309 3316 388 3376 sunt
419 3309 559 3376 oculari⁰
589 3307 789 3373 revelatione
818 3305 917 3370 fideli.
978 3307 1141 3393 [sequitur
1171 3308 1265 3375 Sicut
1301 3332 1360 3376 nec

247 3398 249 3405 ’
309 3412 724 3500 praeprincipium]

354 3516 449 3582 Sicut
471 3537 530 3580 nec
557 3514 667 3600 potuit
690 3511 847 3596 scriptum
871 3511 1049 3598 principale
1068 3521 1200 3600 propter
1221 3515 1357 3601 impedi-
1372 3522 1484 3574 Exem

311 3623 423 3684 menta
443 3616 631 3682 celsitudini
647 3619 765 3680 vestrae
788 3614 973 3699 praeparari,
998 3615 1043 3678 sic
1066 3621 1200 3701 propter
1222 3617 1358 3702 impedi·
1372 3590 1529 3723 ffilafviffi’}

308 3726 421 3786 menta
446 3741 506 3784 nec
539 3719 650 3805 potuit
679 3714 785 3779 adhuc
823 3719 957 3799 propter
991 3717 1096 3802 operis
1125 3717 1358 3803 prolixitatem
1372 3724 1478 3774 senthie

310 3824 399 3888 Nam
421 3845 460 3888 ea
484 3843 557 3907 quse
581 3819 685 3883 scribo
708 3837 830 3900 magna
853 3821 932 3881 sunt
958 3822 993 3882 et
1015 3818 1169 3900 difficilia,
1194 3789 1529 3922 1111111111ξέῗῗᾷἶζῗῆ3ζο

310 3925 421 4011 quieto
448 3931 483 3989 et
508 3920 655 3988 solitario
682 3917 876 4003 indigentia.
924 3917 988 3983 Sed
1010 3942 1078 3985 non
1104 3923 1210 3986 solum
1227 3922 1361 4008 juvenis

517 4066 521 4069 ,
531 4062 627 4070 -η--
634 4062 642 4066 -
1066 4063 1154 4069 -,-

344 4128 491 4193 11111111111]
503 4123 811 4190 “Alchymiaeetscientie
893 4123 1043 4188 π1111111111]
1063 4125 1189 4174 centenari
1216 4139 1244 4175 oe
1267 4123 1361 4175 amico·

310 4215 324 4238 ‘⁴
342 4205 810 4272 docensfaccrcetgenerarcquandnm
860 4218 924 4262 rum,
936 4203 992 4253 Ms„

309 4294 325 4318 ‘⁶
343 4287 557 4351 medicinamque
568 4283 810 4349 clirirnuncupstnr,
837 4288 839 4296 '
895 4283 955 4348 '1'u]
975 4284 1014 4342 de,
1028 4283 1084 4333 MS.

312 4372 327 4398 ‘⁴
344 4384 400 4432 quae
417 4367 516 4431 quando
524 4365 656 4431 projicitur
667 4379 742 4429 super
758 4380 810 4415 me·
895 4362 963 4428 ‘eis]
976 4361 1022 4412 flts

312 4451 328 4477 “
344 4448 411 4507 11111,
423 4461 466 4497 seu
480 4460 585 4510 corpora
598 4445 743 4510 imperfecta
757 4459 810 4508 per·
873 4466 875 4468 ·
896 4439 1010 4508 11111111]
1029 4440 1115 4502 1111111,
1124 4441 1180 4491 Me.

313 4533 328 4558 ‘⁶
345 4527 399 4576 ficit
423 4527 477 4592 ipse
496 4527 618 4591 complete
642 4524 668 4574 in
686 4528 813 4574 momento
895 4520 1023 4586 ‘ocularfl
1042 4521 1169 4583 occultari,
1181 4521 1237 4575 MS.

314 4611 328 4636 “
346 4606 656 4671 projectionis.'’-Bacon‚
668 4603 710 4653 De
724 4601 812 4664 Alcty·

312 4701 369 4742 mea,
381 4700 398 4733 1.
