3586 5640
309 769 450 856 xxxva]
701 786 788 836 ocns
810 784 971 836 rnamms.
1299 771 1364 841 117

306 959 378 1038 ibit,
402 958 477 1045 plus
501 959 627 1024 valeret
649 961 679 1024 ei
703 960 822 1026 habers
854 961 950 1025 illum
981 962 1178 1047 magistrum
1203 982 1277 1027 cum
1301 962 1361 1028 du·
1374 973 1530 1032 preveniens

308 1063 390 1126 obus
413 1062 496 1141 aliis,
537 1084 636 1148 qnam
668 1064 826 1147 majorem
864 1069 992 1149 partem
1020 1064 1183 1129 exercitus
1221 1066 1280 1145 sui,
1319 1087 1361 1131 ns
1374 1034 1523 1156 {ffid

306 1164 413 1229 dicam
435 1169 545 1229 totum
567 1165 755 1230 exercitum.
803 1164 891 1245 Quia
913 1187 980 1229 non
1002 1165 1108 1230 solum
1130 1171 1268 1251 possunt
1290 1168 1360 1234 haec
1372 1168 1454 1221 ¹2¹0&-

306 1265 437 1352 specula
456 1267 537 1347 fieri,
556 1267 614 1331 sed
634 1267 740 1332 multa
760 1267 857 1352 longe
877 1267 1009 1352 majora,
1027 1268 1146 1354 quibus
1161 1268 1359 1350 Alexander,

306 1368 348 1433 de
368 1368 503 1433 consilio
523 1369 721 1446 Aristotelis,
744 1368 907 1433 mundum
931 1391 999 1434 non
1014 1391 1180 1434 armorum
1197 1372 1357 1456 potentia,

306 1469 364 1536 sed
396 1470 547 1557 operibus
581 1471 753 1557 sapientiae
786 1472 987 1557 prostravit3
1019 1472 1061 1536 de
1091 1471 1210 1557 quibus
1245 1479 1359 1559 postea

306 1578 442 1658 tangam
468 1595 527 1638 sno
547 1573 624 1637 loco.
670 1572 716 1638 Et
740 1594 808 1637 non
831 1573 927 1638 oredo
951 1573 1039 1658 qnod
1065 1573 1260 1639 Aristoteles
1284 1576 1358 1662 plus

306 1675 403 1739 scivit
430 1697 528 1760 quam
559 1675 669 1740 sciunt
699 1675 802 1760 aliqui
836 1675 1002 1761 sapientes
1031 1675 1129 1738 simul
1155 1679 1354 1763 congregati.

306 1775 340 1840 N
342 1798 385 1839 on
406 1777 477 1842 dico
492 1777 575 1862 quin
589 1776 686 1841 scivit
711 1777 806 1862 plura
833 1776 982 1862 quolibet
1005 1798 1063 1864 per
1078 1798 1121 1857 se,
1146 1776 1205 1841 sed
1228 1778 1358 1865 aliquot

306 1876 404 1941 simul
421 1878 531 1962 juncti
553 1878 649 1964 plura
671 1878 818 1943 facerent
840 1900 939 1963 quam
955 1879 1023 1964 ipse
1046 1878 1132 1955 fecit,
1154 1879 1182 1943 si
1198 1901 1358 1966 expensas

306 1978 503 2045 sufficientes
524 1980 692 2045 haberent.

351 2081 470 2146 Postea
494 2083 535 2146 de
557 2082 684 2146 actione
710 2080 888 2147 secundum
911 2082 1033 2168 figuras
1059 2081 1212 2148 additum
1228 2079 1300 2162 est‚¹
1323 2088 1358 2149 et
1372 2098 1458 2151 Orthe

306 2187 474 2248 ostensum
501 2183 589 2268 quod
610 2183 717 2270 figura
739 2183 954 2268 pyramidalis
981 2189 1032 2248 eet
1061 2184 1185 2264 melior,
1216 2190 1251 2250 et
1275 2208 1356 2273 prae·
1369 2165 1508 2297 ffiffly

306 2285 400 2370 cipue
447 2284 513 2365 illa,
558 2284 650 2369 cujus
691 2285 778 2349 basis
817 2290 867 2349 est
905 2285 1090 2372 superficies
1131 2287 1261 2373 agentis
1273 2314 1283 2367 ;
1323 2293 1358 2354 et
1369 2297 1470 2364 figures.

305 2387 450 2451 maxime
472 2386 619 2472 pyramis
640 2387 780 2466 brevior,
802 2387 953 2471 quamvis
980 2387 1095 2453 multae
1119 2390 1264 2454 rationes
1290 2389 1358 2455 effi·

305 2509 395 2552 canes
424 2490 460 2552 in
490 2488 689 2553 contrarium
718 2487 923 2570 habeantur3
953 2490 1010 2555 sed
1036 2491 1158 2556 veritas
1189 2491 1356 2577 praevalet.

306 2589 362 2654 Sic
401 2591 437 2654 in
460 2612 589 2655 summa
618 2590 716 2675 tetigi
746 2591 964 2655 intentionem
995 2591 1089 2656 istius
1119 2593 1222 2677 partis
1252 2593 1357 2680 philo-

306 2689 429 2776 sophiae
477 2690 698 2769 nobilissimae,
745 2713 818 2776 quae
860 2697 971 2756 tamen
1010 2697 1082 2757 totn
1127 2694 1299 2779 ignoratur
1338 2719 1359 2759 a

307 2792 415 2879 vulgo.
475 2792 624 2857 Necdum
657 2793 748 2858 edita
778 2799 829 2858 est
859 2794 1022 2879 scriptura
1052 2815 1149 2879 super
1179 2795 1241 2860 hac
1271 2798 1359 2860 inter

306 2894 451 2973 Latinos,
479 2894 545 2959 nisi
568 2893 658 2980 quod
678 2916 738 2981 ego
760 2899 879 2960 vestrae
903 2895 1017 2980 gloriae
1047 2896 1224 2959 transmisi.
1269 2897 1359 2960 Nam

306 2997 342 3060 in
380 3018 476 3082 opere
518 2996 624 3082 primo
666 2997 759 3083 posui
790 2996 896 3060 multa
927 2996 967 3060 de
997 2996 1059 3060 hac
1096 2997 1243 3061 materia.
1314 2998 1360 3061 Et

306 3104 427 3184 praeter
449 3097 518 3178 hoc,
544 3097 619 3161 misi
643 3101 825 3162 tractatum
852 3096 1045 3182 specialem²
1072 3096 1195 3162 dehoc
1226 3099 1360 3184 negotio

307 3221 349 3264 ex
375 3200 540 3286 proposito
563 3199 697 3264 editum.
744 3199 790 3264 Et
813 3198 867 3262 hic
891 3198 965 3284 plus
980 3198 1145 3264 habebitis
1172 3200 1360 3286 inscriptis

307 3323 408 3387 quarn
434 3308 541 3387 posset
571 3301 612 3366 de
642 3300 730 3365 facili
760 3301 925 3367 testimari.
976 3300 1021 3365 Et
1051 3322 1108 3387 per
1138 3301 1207 3368 haec
1238 3303 1359 3388 poteri·

307 3402 374 3468 tis³
404 3424 534 3468 omnem
564 3403 730 3467 hominem
770 3402 1055 3489 philosophantem
1089 3405 1285 3484 examinare,
1325 3410 1360 3470 et

307 3526 382 3570 cnm
416 3505 562 3590 quolibet
592 3504 833 3590 sapientissimo
863 3510 1085 3591 competenter
1115 3505 1267 3570 conferre.
1313 3505 1360 3571 Et

307 3629 366 3693 per
394 3607 465 3673 haec
494 3611 609 3693 aperta
639 3612 691 3670 est
721 3606 776 3670 via
806 3606 931 3671 sciendi
958 3607 1076 3684 omnia,
1104 3629 1177 3691 quae
1207 3612 1286 3671 sunt
1323 3607 1360 3671 in

306 3709 368 3773 hoc
396 3708 542 3774 mundo:
584 3709 620 3772 in
650 3709 740 3772 omni
765 3707 890 3772 scihcet
920 3708 1055 3784 actione,
1084 3708 1153 3772 sive
1180 3708 1216 3771 in
1240 3708 1358 3786 visum,

307 3811 435 3876 sivein
461 3810 621 3887 auditum,
649 3810 719 3874 sive
750 3811 787 3874 in
809 3814 946 3887 tactum,
973 3809 1042 3872 sive
1062 3808 1098 3871 in
1131 3808 1212 3872 ahos
1237 3829 1357 3887 sensus,

308 3913 378 3977 sive
406 3913 441 3976 in
468 3912 685 3991 intellectum,
715 3912 784 3975 sive
815 3911 851 3974 in
881 3915 988 3974 totam
1018 3909 1135 3973 mundi
1165 3909 1264 3994 hujus
1290 3933 1358 3974 ma-

305 4015 433 4079 teriam.
480 4013 527 4078 Et
556 4036 614 4099 per
637 4012 836 4078 honoriam
862 4009 1005 4076 sciatur⁴
1035 4009 1093 4073 illa
1119 4011 1255 4075 scientia
1269 4033 1360 4099 mag-

307 4116 412 4194 nifica,
436 4138 511 4201 quas
534 4116 738 4202 perspectiva
765 4119 923 4193 vocatur3
946 4133 1005 4176 nec
1030 4111 1127 4176 aliter
1152 4116 1261 4198 potest
1276 4114 1357 4182 sciri.

341 4428 348 4458 ¹
365 4426 473 4479 aldiran
484 4429 533 4495 eat]
553 4429 623 4494 Opus
634 4429 725 4494 Majus,
733 4445 757 4493 p.
765 4432 804 4481 74.
824 4418 826 4421 ’
889 4429 899 4458 ¹
906 4425 1031 4493 poteritis]
1050 4439 1098 4475 om.
1116 4423 1147 4475 Τ.

340 4510 351 4538 ²
362 4514 491 4558 tractatum
512 4507 650 4575 specialem]
680 4509 806 4572 Probably

306 4585 349 4636 the
360 4601 429 4637 same
445 4602 473 4637 aa
483 4587 538 4638 that
552 4588 684 4651 published
695 4590 729 4652 by
740 4587 807 4638 Jebb
892 4582 1016 4650 ‘sciam
1035 4581 1120 4643 scitor,
1137 4581 1168 4632 Τ.

309 4672 335 4714 at
343 4680 370 4730 p.
382 4670 431 4717 358
442 4665 473 4718 ol
479 4666 521 4718 the
533 4666 603 4733 opus
615 4666 706 4730 Maius.
