3586 5640
446 885 511 947 4³8
736 889 737 896 ’
825 896 952 946 noonru
976 894 1124 945 nicoma
1409 878 1500 964 [cnr.

447 1092 560 1151 verax,
583 1075 720 1157 propter
740 1070 963 1157 ignorantiam
986 1070 1092 1136 Graeci
1114 1070 1278 1135 sermonia
1317 1069 1363 1135 Et
1388 1089 1503 1135 omues

448 1173 526 1237 libri
549 1180 627 1238 sunt
649 1173 815 1239 falsissimi
845 1173 905 1252 hic,
937 1173 1022 1239 sicut
1052 1171 1193 1258 quilibet
1218 1175 1329 1260 potest
1350 1172 1391 1238 de
1412 1170 1502 1238 facili

285 1379 423 1492 Holruffi
450 1298 611 1443 exlffila
647 1378 733 1442 ratio
770 1397 871 1462 quare
908 1381 1060 1464 oporteat
1096 1398 1156 1442 nos
1193 1376 1274 1442 scire
1310 1376 1504 1464 grammati·

281 1445 442 1564 '‘{ffifidff
454 1501 525 1545 cam
579 1479 718 1544 aliarum
774 1479 962 1565 linguarum
1007 1483 1065 1558 est,
1109 1478 1189 1564 quia
1244 1478 1350 1545 sancti
1397 1479 1505 1544 multa

284 1576 429 1695 fflflfl·
453 1586 581 1669 ponunt
613 1582 655 1647 de
685 1582 744 1647 his.
791 1580 857 1647 Sed
889 1602 957 1648 non
994 1587 1167 1668 exponunt
1201 1582 1319 1660 omnia,
1343 1587 1504 1668 tanquam

286 1659 423 1775 hagag?
452 1689 673 1771 supponentes
699 1683 788 1770 quod
814 1704 927 1749 ornnes
956 1685 1078 1771 posteri
1108 1704 1221 1750 eorum
1250 1685 1333 1750 scire
1362 1684 1507 1750 debeant

286 1777 423 1910 ffiw·
452 1787 590 1873 linguas,
615 1787 700 1852 sicut
722 1787 784 1872 ipsi
796 1811 805 1867 ;
838 1793 872 1852 et
894 1787 968 1852 ideo
991 1809 1059 1851 non
1085 1787 1197 1852 omnia
1227 1786 1373 1852 difficilia
1403 1807 1505 1872 expo-

453 1895 599 1969 suerunt,
627 1890 685 1954 sed
709 1889 817 1953 multa
840 1888 1074 1976 investiganda
1098 1895 1213 1954 nostro
1242 1888 1400 1955 exercitio
1428 1887 1504 1953 reli-

448 1998 604 2078 querunt
650 1991 743 2057 Pono
765 1993 952 2077 exemplum
982 1991 1024 2057 de
1056 1991 1190 2078 prologo
1213 1991 1341 2069 Daniel,
1373 1992 1409 2055 in
1439 2011 1507 2076 quo

454 2095 571 2160 beatus
587 2093 812 2181 Hieronymus
834 2093 915 2159 dicit
938 2093 1026 2179 quod
1047 2115 1116 2158 una
1138 2093 1289 2180 pericope
1312 2090 1505 2158 Hieremiae¹

455 2197 611 2263 scribitur
634 2218 782 2263 sermone
798 2195 986 2275 Chaldaico,
1000 2196 1059 2262 sed
1078 2201 1192 2262 tamen
1208 2195 1380 2262 Hebraicis
1399 2195 1508 2261 literis

456 2304 634 2380 exaratum
658 2300 746 2385 quod
768 2320 881 2364 omnes
902 2298 1048 2385 theologi
1070 2298 1264 2385 intelligunt
1289 2319 1359 2364 esee
1384 2297 1507 2363 librum

455 2401 668 2479 (threnorum,
693 2406 728 2466 et
759 2401 810 2465 ita
839 2405 1010 2486 exponunt
1040 2400 1212 2488 prologum
1245 2400 1347 2486 illum,
1378 2399 1508 2486 decepti

451 2504 613 2569 vilissima
636 2508 671 2568 et
693 2503 770 2568 fieta
794 2504 993 2568 auctoritate
1008 2502 1163 2584 Britonis,
1188 2504 1279 2590 cujus
1302 2505 1509 2591 expositione

453 2627 565 2671 omnes
586 2603 622 2669 in
645 2604 787 2690 prologis
803 2604 920 2670 Bibliae
935 2605 1128 2673 abutuntur.
1173 2605 1383 2672 Auctoritate
1404 2605 1510 2693 igitur

453 2707 545 2772 nulla
570 2706 660 2772 docti
686 2706 805 2771 dicunt
825 2705 984 2793 pericope
1010 2706 1123 2775 Graece
1146 2713 1197 2774 est
1220 2729 1324 2794 parva
1345 2707 1509 2795 particula

455 2810 581 2887 Latine,
598 2813 633 2874 et
646 2808 777 2874 libellus
799 2808 1002 2874 Threnorum
1024 2831 1148 2897 parvus
1170 2816 1221 2876 est
1242 2816 1392 2897 respectu
1405 2809 1509 2896 majo-
1635 2886 1637 2888 ¹

455 2913 502 2978 ris
519 2908 699 2977 voluminis
722 2910 910 2977 Hieremiae.
945 2911 1013 2978 Sed
1027 2911 1081 2978 hic
1103 2935 1193 2978 error
1214 2913 1431 2978 intolerabilis
1450 2909 1509 2978 ast.

456 3016 490 3080 N
491 3037 545 3080 am
567 3014 697 3080 libellus
720 3014 934 3095 Threnorum,
949 3020 988 3080 ut
1003 3036 1117 3081 omnes
1133 3015 1269 3082 Hebraei
1284 3016 1400 3094 sciunt,
1424 3015 1510 3080 sicut

457 3120 612 3183 scribitur
647 3118 752 3182 literis
791 3117 972 3198 Hebraicis,
1018 3119 1064 3184 sic
1105 3140 1211 3184 sermo
1246 3117 1409 3185 Hebraeus
1438 3124 1510 3196 est3

458 3221 545 3305 quod
568 3220 707 3305 quilibet
741 3220 844 3285 sciens
867 3219 1029 3285 rationem
1056 3220 1192 3287 Hebraei
1217 3221 1374 3286 sermonis
1399 3225 1510 3307 potest

458 3322 629 3407 percipere,
655 3328 689 3387 et
721 3323 792 3387 luce
823 3323 940 3387 clarius
970 3323 1102 3388 intueri.
1150 3323 1278 3389 Deinde
1308 3324 1510 3389 testantibus

459 3425 610 3489 omnibus
634 3424 788 3490 Hebraeis
812 3423 940 3489 Latinis
963 3425 1169 3491 inveniemus
1196 3427 1287 3491 illam
1313 3426 1508 3513 particulam

459 3527 496 3590 in
511 3526 637 3592 decimo
660 3527 805 3613 capitulo
828 3528 904 3591 libri
928 3531 1041 3613 magni
1057 3528 1242 3606 Hieremiae,
1263 3529 1322 3592 ubi
1338 3528 1460 3593 dicitur
1473 3529 1509 3595 in

461 3630 580 3694 Latino
607 3630 712 3716 [ll.]:
747 3629 828 3694 “Sic
851 3631 954 3716 igitur
969 3631 1085 3695 dicetis
1108 3631 1163 3709 eis,
1189 3630 1247 3695 Dii
1269 3630 1327 3717 qui
1351 3632 1450 3696 coelos
1475 3636 1510 3697 et

461 3740 478 3768 “
502 3739 625 3798 terram
647 3752 714 3796 non
736 3732 885 3797 fecemnt
900 3739 1037 3818 pereant
1060 3733 1100 3798 de
1122 3738 1212 3798 terra
1234 3734 1335 3798 ethis
1350 3755 1424 3819 quae
1447 3733 1511 3798 sub

461 3844 478 3869 ‘⁴
502 3836 584 3900 coelo
600 3833 705 3899 sunt''
752 3834 834 3899 Haec
855 3855 959 3920 parva
981 3835 1144 3920 particula
1166 3840 1217 3900 est
1232 3837 1289 3900 illa
1303 3837 1453 3922 pericope
1469 3836 1511 3902 de

460 3959 526 4022 qua
553 3937 780 4022 Hieronymus
802 3935 892 4016 dicit,
917 3942 957 4002 ut
980 3959 1092 4002 omnes
1116 3935 1252 4004 Hebraei
1273 3939 1400 4017 sciunt;
1432 3938 1512 4024 quia

459 4039 676 4125 proculdubio
698 4040 804 4105 literis
828 4039 1003 4106 Hebraicis
1027 4041 1188 4106 scribitur.
1236 4039 1302 4106 Sed
1326 4062 1432 4106 sermo
1459 4045 1512 4106 est

461 4142 643 4220 chaldaeus,
669 4141 844 4208 Ohaldaeus
867 4143 956 4208 enim
983 4164 1089 4208 sermo
1112 4149 1146 4208 et
1169 4142 1330 4209 Hebraeus
1353 4143 1512 4209 differunt

460 4243 547 4308 sicut
569 4243 729 4308 idiomata
744 4245 843 4309 unius
858 4244 1003 4332 linguce3
1025 4252 1065 4310 ut
1080 4243 1285 4311 Picardicum
1310 4250 1345 4310 et
1370 4245 1513 4311 Norma·

459 4345 579 4422 uicum,
619 4346 877 4432 Burgundicum,
916 4346 1108 4429 Parisiense,
1141 4353 1176 4413 et
1212 4349 1398 4429 Gallicum3
1443 4369 1513 4414 una

460 4448 548 4510 enim
571 4447 685 4530 lingua
707 4453 757 4512 est
780 4449 935 4526 omnium,
969 4451 1093 4516 scilicet
1121 4451 1298 4529 Gallicana,
1323 4452 1379 4516 sed
1399 4457 1513 4516 tamen

459 4549 496 4612 in
531 4549 668 4614 diversis
698 4551 849 4635 partibus
878 4552 1119 4618 diversificatur
1147 4554 1412 4634 accidentaliter;
1437 4575 1512 4640 quae

952 4709 1001 4715 .,..
1062 4712 1077 4715 -
1110 4711 1132 4715 7,.
1144 4709 1512 4720 .-....-.........-.-..-.-.

822 4766 828 4794 ¹
842 4763 986 4829 Hieremia]
1007 4765 1096 4824 hieme,
1110 4764 1166 4816 MS.
