3586 5640
452 743 518 809 400
833 757 963 808 noorai
986 758 1133 809 mensis
1420 743 1512 835 [cun

450 931 587 998 malitiis
618 936 834 1019 peccatorum.
882 932 1036 1020 Populus,
1055 932 1128 1019 jam
1154 932 1310 1000 irritatus
1335 955 1395 1021 per
1419 936 1512 1022 prin-

451 1036 545 1122 cipes,
569 1035 641 1100 odit
675 1057 737 1113 eos,
763 1039 797 1100 ct
831 1034 906 1101 ideo
940 1035 1069 1102 nullam
1092 1035 1192 1102 fidem
1224 1040 1341 1104 tenent
1371 1038 1418 1104 eis
1451 1039 1512 1105 ubi

452 1142 589 1224 possunt
615 1138 777 1216 evadere;
807 1143 842 1203 et
868 1138 1013 1224 corrupti
1043 1160 1103 1225 per
1124 1139 1212 1205 mala
1234 1140 1386 1226 exempla
1408 1142 1512 1228 majo·

451 1263 526 1306 rum
559 1241 603 1305 ad
635 1241 777 1306 invicem
815 1261 849 1305 sc
882 1246 1047 1328 premunt,
1086 1247 1121 1307 et
1151 1241 1235 1307 dolis
1273 1247 1308 1308 et
1340 1242 1512 1311 fraudibus

451 1342 723 1421 circumveniunt,
747 1348 787 1409 ut
818 1343 941 1429 ubique
973 1343 1191 1430 conspicimus
1225 1345 1268 1410 ad
1300 1345 1453 1427 oculum;
1476 1353 1512 1414 et

452 1445 601 1511 totaliter
631 1445 775 1512 luxuriae
798 1451 833 1511 et
855 1445 942 1533 gulae
972 1445 1078 1512 dediti
1111 1451 1247 1513 suntet
1276 1447 1510 1535 depravantur,

451 1549 526 1635 plus
548 1569 648 1635 quam
670 1549 780 1615 valeat
802 1549 957 1614 enarrari.
1015 1549 1066 1614 De
1089 1549 1326 1616 mercatoribus
1349 1556 1384 1617 et
1406 1552 1512 1618 artifi-

450 1652 542 1716 cibus
564 1673 632 1717 non
656 1656 706 1717 est
728 1652 876 1736 quaestio,
901 1651 979 1738 quia
1003 1651 1039 1716 in
1062 1651 1217 1716 omnibus
1239 1650 1336 1718 dictis
1358 1659 1393 1719 et
1414 1653 1512 1721 factis

451 1774 564 1821 eorum
585 1759 704 1841 regnat
726 1754 824 1833 fraus,
850 1758 884 1819 et
908 1753 1011 1833 dolus,
1043 1758 1078 1818 ct
1097 1751 1223 1820 falsitas
1245 1752 1335 1820 ultra
1366 1755 1511 1824 modum.

284 1878 373 1931 Issus
495 1855 592 1921 Alius
620 1855 735 1922 modus
766 1856 802 1919 in
832 1855 984 1921 effectum
1015 1854 1115 1941 hujus
1145 1856 1373 1942 corruptionis.
1418 1857 1511 1925 Nam

284 1946 383 1997 honour
409 1957 533 2066 entides
555 1958 679 2026 Christi
701 1958 849 2025 revelata
871 1964 922 2024 est
944 1957 1076 2035 mundo,
1101 1961 1135 2023 et
1153 1957 1225 2044 jam
1249 1959 1430 2026 certificata
1452 1983 1512 2048 per

282 2011 409 2131 ebobio&iv
456 2064 582 2128 *anctos
603 2061 761 2143 infinitos,
783 2083 858 2148 quae
873 2060 954 2127 fides
977 2064 1011 2126 et
1025 2061 1131 2125 sancti
1154 2060 1273 2127 docent
1294 2082 1354 2127 nos
1376 2067 1510 2132 tantum

283 2154 427 2265 ffiffffi
452 2165 596 2250 aspirare
622 2165 665 2230 ad
687 2165 792 2230 vitam
818 2163 923 2229 futuri
953 2162 1074 2244 saculi,
1099 2168 1136 2228 et
1162 2163 1233 2229 Deo
1256 2163 1421 2256 adhaerere
1451 2187 1512 2252 per

283 2252 435 2345 ignorares
451 2265 532 2332 vitoe
553 2266 764 2332 sanctitatem
780 2288 854 2332 curn
876 2265 967 2332 omni
989 2265 1176 2331 reverentia
1193 2264 1258 2331 Dei
1280 2276 1315 2332 et
1334 2266 1510 2335 devotione

283 2349 396 2465 2⁶3}
452 2373 487 2434 et
518 2368 821 2455 contemplatione3
868 2367 954 2434 sicut
1003 2367 1158 2434 continue
1209 2367 1319 2454 ipsum
1367 2369 1510 2439 officium

283 2430 429 2560 wi'ulupre-
453 2470 602 2535 divinum
636 2475 732 2536 nocte
760 2475 794 2536 ct
828 2469 881 2536 die
903 2492 924 2535 a
947 2470 1043 2536 nobis
1066 2469 1189 2535 factum
1222 2491 1283 2536 nos
1314 2471 1417 2539 docet
1463 2471 1510 2539 Et

283 2548 380 2682 {3¹3}ss
452 2571 611 2638 habemus
636 2572 816 2637 Dominum
842 2577 991 2637 nostrum
1014 2571 1038 2638 J
1040 2595 1131 2638 esum
1154 2571 1323 2638 Christum
1343 2573 1380 2638 in
1405 2596 1512 2641 sacra-

452 2679 565 2742 mento
587 2675 703 2741 altaris
714 2698 723 2755 ;
745 2674 869 2760 ubique
891 2679 926 2740 et
941 2674 1119 2741 continue¹
1143 2674 1281 2741 facimus
1303 2676 1387 2741 illud
1407 2698 1510 2763 quum

455 2778 616 2859 volumus,
645 2777 745 2864 juxta
774 2777 857 2842 illud
887 2791 1088 2864 praeceptum
1125 2799 1245 2844 suum:
1280 2787 1297 2814 “
1313 2777 1387 2845 Hoc
1412 2780 1512 2847 facite

453 2887 472 2919 “
487 2881 523 2947 in
552 2902 659 2947 meam
697 2879 1037 2946 commemorationem
1052 2879 1080 2962 ;’'
1117 2890 1152 2946 et
1189 2880 1357 2946 offerimus
1395 2881 1510 2969 Ipsum

452 2985 543 3050 omni
566 2985 619 3051 die
641 2988 676 3050 et
699 2982 821 3068 ubique
850 3003 909 3069 pro
939 2982 1230 3068 peccatisnostris,
1254 2988 1289 3049 et
1311 2985 1511 3051 comedimus

454 3087 576 3175 Ipsum,
593 3093 630 3153 et
651 3086 805 3162 bibimus,
828 3091 863 3150 et
885 3085 1108 3151 convertimur
1129 3085 1166 3149 in
1186 3085 1309 3171 ipsum,
1333 3092 1373 3152 ut
1393 3087 1511 3152 fiamus

454 3190 512 3254 Dii
542 3195 576 3255 et
593 3188 727 3255 Christi.
774 3187 862 3267 Quia
884 3209 952 3252 non
974 3187 1179 3253 convertitur
1201 3189 1238 3252 in
1259 3209 1320 3254 nos
1341 3189 1395 3254 hic
1416 3190 1511 3276 panis

453 3292 537 3368 coeli,
562 3291 620 3356 sed
642 3311 702 3354 nos
724 3289 762 3355 in
784 3289 902 3376 ipsum,
918 3295 958 3355 ut
979 3289 1081 3354 simus
1104 3289 1193 3376 quod
1216 3312 1283 3356 non
1305 3291 1436 3369 furimus,
1454 3293 1510 3358 sed

453 3392 561 3480 magis
584 3392 772 3458 deificemur
803 3396 839 3457 et
869 3391 1128 3458 christificsmur.
1191 3392 1276 3460 Cum
1306 3393 1412 3480 igitur
1450 3393 1511 3460 hoc

452 3499 692 3562 sacramentum
727 3515 795 3559 non
829 3493 935 3559 solum
968 3494 1096 3559 ratione
1125 3496 1281 3576 contenti,
1304 3495 1430 3563 scilicet
1462 3497 1511 3562 di·

453 3598 542 3665 vinae
564 3595 749 3683 majestatis
773 3600 807 3662 et
830 3596 992 3673 humanae,
1016 3597 1062 3662 sit
1086 3597 1229 3664 infinitae
1250 3599 1453 3678 reverentiae,
1477 3606 1513 3665 et

452 3701 649 3783 devotionis,
673 3704 709 3766 et
731 3699 1028 3785 contemplationis,
1052 3700 1109 3765 sed
1135 3701 1253 3766 modus
1275 3701 1511 3769 adinveniendi

452 3811 487 3872 et
511 3803 696 3884 existendi;
731 3803 833 3868 etiam
862 3823 940 3866 usus
970 3806 1020 3867 est
1050 3802 1107 3867 illa
1128 3802 1250 3889 triplici
1281 3803 1512 3885 infinitatem

453 3909 529 3994 quis
559 3906 735 3992 inquirat;
774 3910 886 3970 tamen
920 3909 1045 3970 certum
1083 3908 1134 3970 est
1167 3905 1256 3991 quod
1289 3910 1362 3972 tota
1399 3906 1511 3973 multi-

451 4010 534 4078 tudo
581 4010 755 4075 hominum
794 4007 847 4073 hic
884 4028 1003 4093 parum
1039 4007 1135 4094 sapit,
1171 4013 1205 4073 et
1253 4009 1289 4073 in
1326 4011 1511 4075 reverentia

452 4117 557 4178 tantae
581 4110 772 4197 majestatis,
806 4113 841 4175 et
870 4109 906 4173 in
930 4108 1104 4175 devotione
1134 4114 1239 4176 tantae
1261 4111 1385 4189 salutis,
1411 4117 1446 4176 et
1473 4112 1511 4176 in

312 4256 317 4268 ·
452 4213 730 4300 contemplatione
760 4215 866 4278 tantae
888 4211 1048 4277 veritatis
1095 4210 1181 4277 Cum
1204 4217 1317 4278 tamen
1339 4213 1398 4278 illa
1419 4214 1510 4292 scita,

451 4315 601 4381 sciuntur
623 4315 743 4393 omnia,
779 4314 838 4379 illa
859 4313 975 4379 habita
998 4313 1108 4378 omnia
1130 4313 1318 4396 habentur;
1347 4317 1432 4381 sicut
1453 4337 1510 4381 ex-

452 4417 627 4506 periuntur
649 4415 707 4498 ilii,
731 4417 789 4503 qui
816 4416 893 4482 huic
925 4416 1065 4502 glorioso
1096 4422 1301 4483 sacramento
1330 4417 1512 4486 intendunt

776 4645 783 4676 ¹
802 4643 927 4712 conasse]
946 4645 1052 4709 condia
1068 4644 1125 4698 MS.
1137 4645 1208 4699 both.
