3586 5640
558 744 625 816 472
942 759 1070 810 acaum
1093 757 1239 811 moesis
1519 744 1614 833 [car.

558 934 631 1000 Nec
654 932 834 1000 Arabicum
857 933 941 1000 bene
955 933 1061 1013 scivit,
1077 938 1117 1001 ut
1142 933 1306 1001 confessus
1329 935 1482 1021 estquis
1504 937 1615 1023 magis

558 1036 624 1104 fuit
661 1036 796 1122 adjutor
833 1036 1087 1103 translationum
1131 1058 1229 1123 quam
1271 1036 1472 1119 translator;
1531 1039 1615 1125 quia

560 1137 754 1205 Sarascenos
780 1138 890 1204 tenuit
913 1160 1021 1205 secum
1052 1139 1089 1203 in
1118 1138 1291 1226 Hispania,
1319 1140 1377 1225 qui
1408 1139 1544 1205 fuenmt
1574 1139 1613 1204 in

562 1240 630 1306 suis
670 1239 941 1306 translationibus
979 1240 1182 1327 principales
1266 1239 1428 1307 Similiter
1465 1240 1611 1307 Michael

560 1342 679 1409 Scotus
702 1341 852 1427 ascripsit
875 1341 939 1408 sibi
961 1342 1193 1408 translationes
1219 1343 1347 1409 multas
1392 1341 1459 1409 Sed
1484 1347 1613 1409 eertum

560 1443 724 1530 estquod
753 1443 904 1510 Androna
939 1443 1072 1529 quidam
1098 1443 1246 1523 Judaeus,
1272 1444 1347 1531 plus
1379 1443 1546 1510 laboravit
1575 1445 1615 1511 in

560 1545 621 1612 his.
672 1544 773 1611 Unde
804 1544 991 1626 Michaelns,
1016 1546 1102 1612 sicut
1128 1547 1368 1625 Heremannus,
1393 1545 1520 1626 retulit,
1551 1568 1613 1613 nec

560 1648 658 1714 scivit
683 1647 834 1713 scientias
859 1669 965 1735 neque
990 1648 1130 1735 linguas.
1175 1648 1221 1714 Et
1246 1648 1294 1714 sic
1317 1649 1357 1715 de
1386 1648 1468 1715 aliis
1514 1648 1613 1714 Max-

560 1750 626 1815 ime
651 1749 714 1815 iste
739 1749 935 1816 Willielmus
962 1749 1152 1838 Flemingus
1176 1750 1234 1836 qui
1259 1772 1347 1817 nunc
1376 1749 1480 1817 floret
1527 1750 1615 1818 eum

561 1856 673 1916 tamen
722 1854 840 1917 notum
878 1855 929 1917 est
967 1851 1118 1918 omnibus
1155 1851 1299 1918 Parisius
1337 1851 1487 1930 literatis,
1522 1853 1616 1939 quod

561 1953 689 2019 nullam
714 1953 810 2020 novit
832 1953 1003 2021 scientiam
1025 1953 1063 2019 in
1082 1953 1198 2041 lingua
1222 1953 1345 2032 Graeca,
1377 1955 1418 2020 de
1440 1975 1507 2040 qua
1528 1977 1616 2042 prae·

561 2054 674 2120 sumit.
720 2055 766 2120 Et
806 2055 880 2122 ideo
919 2055 1030 2121 omnia
1067 2054 1226 2121 transfert
1254 2055 1337 2122 falsa
1369 2060 1404 2121 et
1433 2056 1617 2143 corrumpit

561 2157 757 2243 sapientiam
808 2155 1008 2225 Latinorum
1069 2156 1165 2223 Solus
1206 2157 1294 2222 enim
1336 2157 1475 2224 Boetius
1516 2158 1617 2224 scivit

562 2257 604 2323 de
652 2258 804 2324 omnibus
853 2259 1181 2346 interpretationibus
1229 2258 1360 2346 linguas
1406 2258 1616 2327 sufficienter.

563 2355 659 2425 Solus
700 2360 853 2426 dominus
889 2361 1062 2440 Robertus,
1087 2365 1222 2448 propter
1260 2360 1502 2446 longitudinem
1532 2361 1618 2429 vitoe

563 2466 600 2527 et
625 2461 698 2527 vias
722 2462 888 2528 mirabiles
912 2463 1031 2548 quibus
1054 2485 1134 2529 usus
1157 2468 1217 2545 est,
1240 2484 1309 2550 pra
1324 2463 1398 2529 aliis
1424 2463 1617 2529 bominibus

563 2563 661 2628 scivit
685 2562 837 2630 scientias
849 2588 858 2644 ;
883 2565 960 2650 quia
984 2565 1136 2632 Graecum
1162 2570 1197 2631 et
1223 2565 1404 2632 Hebraeum
1427 2587 1494 2630 non
1516 2565 1619 2632 scivit

564 2664 761 2732 sufficienter
790 2670 829 2733 ut
862 2687 920 2752 per
949 2687 984 2731 se
1013 2667 1215 2747 transferret,
1251 2667 1310 2733 sed
1345 2667 1464 2734 habuit
1492 2668 1618 2734 multos

565 2766 740 2854 adjutores.
801 2765 924 2833 Omnes
959 2773 1070 2834 autem
1109 2769 1167 2834 alii
1205 2769 1442 2856 ignoraverunt
1484 2768 1619 2857 linguas

429 2948 434 2953 ¹
565 2876 600 2937 et
639 2868 800 2947 scientias,
831 2874 865 2935 et
906 2869 1050 2936 maxime
1089 2869 1143 2936 hic
1176 2870 1373 2937 willielmus
1414 2870 1617 2959 Flemingus,

470 2959 472 2962 ’
565 2973 624 3059 qui
651 2972 737 3039 nihil
771 2972 867 3038 novit
904 2971 1041 3059 dignum
1074 2994 1179 3059 neque
1206 2972 1243 3038 in
1272 2973 1414 3039 scientiis
1444 2995 1550 3060 neque
1580 2974 1619 3039 in

565 3075 713 3162 linguis3
752 3078 867 3141 tamen
908 3095 1021 3140 omnes
1061 3075 1294 3141 translationes
1335 3074 1437 3141 factes
1464 3075 1620 3161 promisit

564 3177 741 3243 immutare
765 3182 799 3243 et
823 3198 925 3243 novas
949 3177 1066 3242 cudere
1090 3177 1205 3243 varias.
1252 3176 1318 3243 Sed
1341 3199 1396 3243 eas
1419 3177 1564 3244 vidimus
1583 3182 1620 3245 et

564 3279 685 3347 scimus
708 3300 777 3344 esse
800 3280 934 3345 omnino
957 3301 1107 3345 erroneas
1130 3285 1164 3345 et
1186 3279 1347 3346 vitandas

397 3382 468 3440 Jews
479 3388 529 3440 and
613 3379 697 3444 (ium
713 3379 801 3444 enim
823 3381 896 3446 istis
914 3381 1115 3468 temporibus
1138 3380 1263 3446 inimici
1284 3380 1554 3460 Christianomm,
1580 3388 1622 3450 ut

398 3454 554 3571 fflffi'
568 3480 681 3559 Graeci,
708 3487 742 3546 et
768 3482 903 3565 Arabes,
935 3488 969 3548 et
1000 3483 1135 3550 Hebraei
1166 3484 1310 3550 habeant
1346 3483 1498 3549 scientias
1529 3486 1621 3571 apud

396 3588 464 3640 laten
478 3583 696 3671 uss-linguas
727 3606 810 3664 suas,
833 3606 901 3649 non
926 3585 1108 3650 concedunt
1135 3584 1330 3651 Christianis
1355 3585 1456 3650 libros
1478 3606 1620 3666 veraces,

567 3687 624 3753 sed
639 3688 838 3752 detruncant
858 3690 893 3751 et
908 3691 1121 3774 corrumpunt
1137 3709 1260 3767 omnes,
1274 3692 1308 3753 et
1327 3687 1470 3753 maxime
1485 3688 1621 3774 quando

567 3789 683 3855 vident
705 3788 854 3854 homines
877 3787 1025 3854 indoctos
1052 3789 1089 3852 in
1116 3788 1237 3875 linguis
1265 3793 1300 3853 et
1328 3789 1473 3855 scientiis
1495 3810 1622 3875 praesu·

567 3914 655 3957 mere
693 3891 734 3956 de
772 3889 1044 3956 translationibus
1081 3889 1245 3956 iaciendis.
1292 3890 1358 3956 Sed
1387 3912 1455 3955 non
1488 3895 1622 3977 oportet

567 3994 733 4060 cumulare
756 3993 913 4080 exempla,
931 3993 1009 4078 quia
1029 3991 1126 4079 plura
1147 3997 1226 4058 sunt
1247 4012 1347 4078 quam
1369 3997 1479 4079 posset
1501 3993 1622 4079 aliquis

567 4117 725 4162 enarrare.
772 4095 1010 4162 Verumtamen
1045 4099 1086 4160 ut
1123 4094 1264 4160 excitem
1300 4094 1498 4173 memoriam,
1537 4095 1623 4161 sciat

568 4198 709 4282 quilibet
742 4196 825 4262 illud
856 4197 892 4262 in
923 4197 1022 4263 tertio
1045 4197 1188 4284 capitulo
1217 4196 1400 4263 Meteorum
1431 4196 1623 4263 Aristotelis

567 4319 636 4363 esse
658 4298 877 4381 falsissimum,
901 4298 1104 4365 ubidicitur
1127 4299 1215 4386 quod
1238 4297 1312 4363 iris¹
1335 4321 1402 4364 non
1435 4299 1555 4365 accidit
1578 4321 1622 4366 ex

969 4635 1047 4702 wa]
1068 4636 1115 4688 see
1126 4652 1149 4701 p.
1165 4640 1205 4689 π.
