3586 5640
459 759 524 825 206
831 769 958 823 socam
980 767 1127 822 sacoma
1421 756 1509 846 [oar.

456 947 558 1014 etiam
596 944 755 1032 probatur
790 966 849 1032 per
885 943 1113 1031 Augustinum
1159 944 1200 1010 de
1239 941 1387 1011 Civitate
1435 945 1508 1026 Dei,

456 1050 542 1116 libro
564 1049 629 1115 xvi.
653 1047 798 1136 capitulo
820 1044 875 1128 κβ
904 1047 962 1133 qui
989 1047 1071 1113 dicit
1093 1069 1114 1112 a
1136 1046 1275 1112 Diluvio
1306 1069 1411 1133 usque
1445 1045 1510 1114 ad²

343 1178 349 1190 ·
456 1151 728 1223 Abraham1072
751 1148 861 1216 anno³
875 1149 989 1216 fuisse·
1000 1151 1244 1237 promulgatam
1266 1150 1456 1231 editionem,
1473 1151 1510 1216 id

456 1260 516 1336 est,
533 1255 753 1343 Septuaginta
768 1253 1001 1340 Interpretum.
1048 1251 1113 1318 Sed
1130 1251 1293 1318 Eusebius
1307 1275 1376 1319 non
1399 1255 1510 1342 posuit

457 1357 523 1424 nisi
545 1361 632 1438 9423
660 1361 694 1423 et
716 1357 777 1421 hoc
800 1360 850 1421 eet
872 1355 982 1420 minus
1020 1354 1056 1419 in
1084 1357 1158 1431 130,
1182 1359 1222 1421 ut
1258 1356 1369 1442 patuit
1402 1379 1509 1444 supra.

460 1460 595 1527 Orosius
609 1481 699 1540 vero,
714 1459 751 1524 in
765 1459 851 1525 libro
867 1459 908 1524 de
925 1454 1095 1524 Ormesta⁴
1111 1457 1240 1538 Mundi,
1256 1458 1401 1525 scribens
1415 1459 1513 1526 beato

459 1564 656 1651 Augustino,
680 1562 732 1627 his
762 1560 857 1626 addit
887 1582 992 1626 unum
1021 1580 1156 1637 annum,
1187 1560 1299 1627 dicens
1321 1563 1411 1647 quod
1440 1562 1510 1627 fue-

457 1666 527 1732 rint
549 1666 592 1731 ab
615 1665 724 1729 Adam
762 1684 867 1750 usque
904 1664 947 1728 ad
984 1661 1209 1728 Nativitatem
1237 1662 1363 1730 christi
1402 1667 1511 1746 5199;

458 1769 516 1856 qui
543 1788 708 1845 numerus,
735 1765 815 1832 licet
837 1765 991 1832 videatur
1028 1765 1188 1832 inclusive
1212 1765 1365 1854 intelligi,
1397 1771 1511 1833 tamen

458 1871 623 1937 exclusive
646 1869 808 1951 scribitur,
832 1867 869 1933 in
891 1889 983 1955 cereo
1016 1866 1170 1955 paschali.
1218 1865 1407 1936 Secundum
1430 1891 1510 1936 vero

459 1973 660 2040 Hebraicam
682 1973 864 2050 veritatem,
889 1970 975 2036 sicut
998 1969 1090 2036 Beda
1112 1969 1227 2036 scribit
1249 1971 1287 2035 in
1308 1971 1393 2037 libro
1415 1971 1511 2038 Tem·

458 2100 582 2166 porum,
615 2076 750 2143 fuerunt
777 2075 865 2141 3952
897 2073 985 2140 anni.
1031 2072 1127 2140 Sicut
1158 2094 1237 2139 vcro
1269 2074 1437 2162 colligitur
1469 2098 1511 2142 ex
1645 2127 1649 2134 .

458 2182 689 2247 modernorum
705 2178 923 2245 Hebraeorum
946 2175 1200 2263 computatione,
1224 2177 1267 2242 ab
1282 2176 1392 2243 Adam
1407 2199 1512 2265 usque

458 2285 502 2349 ud
516 2289 646 2370 tempus
661 2302 726 2368 quo
742 2302 802 2345 nos
817 2278 971 2367 ponimus
986 2279 1213 2345 Nativitatem
1226 2278 1362 2361 Christi,
1374 2279 1511 2347 firerunt

460 2387 549 2455 3760
571 2385 660 2450 anni.
717 2382 881 2448 Similiter
903 2382 939 2447 in
961 2381 1114 2469 pertibus
1136 2377 1260 2468 hujus⁵
1282 2384 1440 2470 temporis
1462 2389 1512 2450 est

459 2508 582 2574 magna
624 2484 852 2564 contrarietas,
891 2488 926 2550 et
964 2483 1133 2550 dubitatio
1171 2484 1285 2570 major.
1349 2484 1438 2551 Nam
1476 2487 1512 2552 in

459 2589 602 2656 secunda
624 2591 734 2667 aetate,
757 2586 931 2652 undecimo
954 2587 1100 2673 capitulo
1124 2586 1297 2668 Geneseos,
1312 2587 1454 2654 habetur
1475 2590 1512 2655 in

460 2692 627 2759 codicibus
651 2691 857 2770 Latinorum,
881 2689 971 2776 quod
1000 2689 1091 2755 vixit
1114 2689 1305 2776 Arphaxad,
1336 2697 1512 2778 postquam

459 2794 577 2883 genuit
597 2793 708 2874 Sale,
755 2792 914 2859 trecentis
958 2790 1066 2858 tribus
1109 2793 1234 2873 annis;
1275 2798 1310 2859 et
1349 2794 1512 2862 Heraeus

460 2898 561 2964 habet
582 2897 843 2984 quadringentos
864 2901 932 2961 tres
954 2917 1085 2974 annos3
1107 2901 1142 2962 et
1165 2895 1307 2974 Graecus,
1332 2898 1512 2964 secundum

461 3000 682 3088 Septuaginta
705 2999 918 3086 Interpretes,
943 2998 1033 3064 inter
1055 2998 1237 3084 Arphaxad
1260 3004 1295 3065 et
1311 2999 1388 3066 Sale
1410 3001 1513 3066 inter-

460 3104 556 3191 ponit
578 3107 713 3169 aetatem
747 3101 906 3168 Ohamam
938 3101 974 3165 in
1007 3103 1072 3166 130
1096 3101 1213 3181 annis;
1236 3101 1277 3166 de
1306 3124 1372 3188 quo
1407 3103 1512 3170 Lucas

460 3206 613 3272 meminit
643 3206 680 3270 in
711 3205 923 3291 generatione
954 3202 1097 3268 Domini.
1155 3203 1318 3270 Similiter
1344 3205 1385 3270 de
1416 3208 1513 3271 annis

461 3307 614 3373 Abrabae.
689 3307 816 3377 Textus
853 3307 942 3372 enim
987 3304 1077 3383 dicit,
1116 3306 1331 3393 septuaginta
1367 3308 1513 3395 quinque

386 3495 389 3499 =
461 3431 622 3476 annorum
652 3415 723 3475 erat
753 3409 931 3487 Abraham,
963 3430 1039 3474 cum
1072 3408 1284 3495 egrederetur
1317 3410 1358 3476 de
1390 3411 1512 3478 Haran.

461 3513 527 3580 Sed
549 3534 623 3578 cum
646 3516 883 3598 postmortem
906 3511 1011 3598 patris
1034 3511 1150 3590 exivit,
1167 3512 1224 3597 qui
1247 3512 1396 3578 ducentis
1417 3515 1513 3600 quin·

460 3640 524 3705 que
546 3616 641 3682 annis
655 3615 753 3693 vixit,
776 3620 811 3681 et
825 3615 931 3679 Tlrare
954 3614 1099 3679 existens
1121 3615 1331 3702 septuaginta
1352 3637 1514 3682 annorum

460 3720 631 3808 generavit
661 3718 840 3798 Abraham,
874 3720 1003 3783 constat
1031 3717 1118 3803 quia,
1153 3723 1284 3784 mortuo
1316 3723 1419 3805 patre,
1442 3724 1514 3785 erat

464 3827 526 3889 135
561 3844 724 3888 annorum
736 3846 745 3903 ;
786 3843 864 3886 nam
903 3824 957 3885 tot
992 3825 1173 3901 remanent,
1208 3821 1352 3908 demptis
1383 3827 1514 3910 septua-

460 3926 556 4011 ginta
593 3926 634 3990 de
671 3927 745 3990 205.
806 3923 1013 4010 Augustinus
1050 3923 1173 3988 nititur
1210 3923 1271 3989 boc
1307 3925 1441 4002 solvere,
1480 3932 1515 3992 et

462 4029 698 4114 Hieronymus,
737 4032 772 4092 et
809 4025 968 4107 Hebraei3
1006 4027 1063 4092 sed
1100 4025 1213 4091 valida
1254 4031 1289 4092 et
1325 4027 1515 4094 insolubilia

461 4131 567 4196 adhuc
600 4131 688 4196 fiunt
721 4135 916 4216 argumenta
949 4135 1064 4194 contra
1096 4128 1279 4216 quamlibet
1310 4130 1514 4198 solutionem.
