3586 5640
307 805 403 892 xnu]
704 820 791 870 oeus
813 819 972 870 mariun.
1227 867 1229 870 Α
1298 801 1362 872 167

304 998 447 1081 punctus
484 995 562 1081 quie
598 999 650 1061 eet
687 995 848 1061 terminus
885 993 1068 1060 communis
1107 994 1245 1059 duarum
1285 1016 1359 1081 per-

207 1147 212 1154 .
307 1099 393 1163 tium
429 1097 525 1165 lineae
562 1098 736 1165 continuet
774 1120 828 1164 eas
865 1099 902 1163 in
939 1119 1007 1163 une
1043 1097 1137 1164 lineu
1200 1098 1265 1163 Sed
1293 1119 1361 1165 non

308 1205 359 1266 est
395 1201 558 1267 terminus
595 1223 766 1288 corporum
804 1201 946 1281 illorum,
972 1223 1033 1266 nec
1069 1201 1106 1265 in
1144 1201 1191 1267 eie
1228 1205 1287 1279 eet,
1325 1204 1361 1266 et

307 1303 381 1369 ideo
420 1326 459 1370 ee
495 1326 562 1371 non
600 1305 780 1370 continuet
827 1304 900 1370 Hoc
936 1304 1042 1390 magis
1071 1304 1282 1369 manifestum
1311 1308 1363 1369 eet

307 1405 344 1470 in
367 1404 474 1493 Opere
506 1406 635 1492 Majori,
673 1411 709 1473 et
740 1407 918 1473 videbatur
954 1407 1043 1494 apud
1069 1407 1235 1495 „antiquos
1273 1405 1362 1492 quod

307 1504 369 1571 hoc
390 1506 557 1592 sophisma
578 1510 663 1571 esset
685 1504 841 1571 Achilles.

358 1607 522 1688 Quintum
566 1606 717 1689 solvitur,
763 1607 852 1693 quod
896 1628 971 1672 cum
1024 1611 1195 1694 ponuntur
1238 1605 1337 1673 simul
1351 1604 1361 1644 ¹
1375 1603 1512 1684 §⁸¹²⁰wa

308 1710 375 1776 duc
407 1732 542 1797 corpora
575 1711 645 1777 sine
677 1710 795 1788 medio,
819 1731 946 1775 necesse
974 1716 1025 1775 est
1057 1710 1145 1796 quod
1177 1710 1243 1776 illae
1264 1709 1362 1776 linere
1374 1680 1434 1726 Μ

308 1834 377 1879 non
406 1813 627 1899 eequidistent
658 1813 738 1900 quia
759 1834 827 1878 non
850 1812 979 1878 dietant
999 1813 1035 1877 in
1073 1813 1192 1898 utiquo,
1222 1817 1257 1879 et
1287 1812 1362 1879 ideo

309 1915 533 1982 terminantur
576 1916 619 1980 ed
661 1920 823 2003 punctum
860 1937 965 1980 unum
1009 1915 1046 1978 in
1083 1915 1184 1980 tertio
1222 1936 1361 2003 corpore.

309 2017 381 2084 Nec
403 2017 539 2085 obstent
561 2018 626 2084 duo
649 2023 774 2105 puncta
794 2018 951 2096 inferius3
976 2017 1056 2104 quia
1077 2017 1177 2082 simul
1198 2023 1278 2083 eunt
1292 2017 1363 2084 sine

309 2121 425 2198 medio,
451 2125 486 2186 et
507 2120 582 2187 idco
604 2142 672 2186 non
694 2119 768 2207 plue
791 2121 905 2186 velent
928 2142 1027 2206 quern
1048 2141 1135 2185 unus
1160 2125 1302 2207 punctus
1327 2121 1360 2186 in

310 2245 378 2289 unc
400 2244 541 2310 corpore,
563 2229 598 2289 et
619 2211 666 2289 sic
688 2223 772 2288 nihil
794 2223 1031 2309 intercipietur.

358 2327 499 2392 Sextum
537 2327 677 2392 solvitur
714 2348 773 2413 per
807 2326 876 2407 hoc,
911 2326 998 2412 quod
1029 2326 1058 2390 ei
1091 2331 1236 2413 ponetur
1266 2348 1362 2393 omne
1376 2333 1513 2420 cuobjec·

311 2451 429 2517 corpus
466 2429 602 2516 plenum
638 2429 794 2510 amoveri,
833 2434 914 2496 tunc
956 2429 1041 2494 nihii
1072 2429 1137 2494 erit
1173 2430 1211 2495 in
1241 2431 1360 2508 medio,
1374 2414 1436 2458 ‘¹⁰¹¹‘

312 2537 347 2598 et
384 2531 459 2598 ideo
490 2532 589 2597 simul
627 2537 734 2598 erunt.
794 2531 884 2597 Nem
922 2532 1084 2598 distentia
1116 2555 1184 2598 non
1215 2539 1267 2600 est
1297 2533 1363 2600 nisi

312 2656 370 2722 per
403 2633 529 2720 aliquid
563 2633 652 2721 qued
684 2621 738 2700 eit
751 2634 940 2700 substantie
961 2657 1020 2722 per
1052 2658 1087 2702 se
1109 2641 1224 2717 etene3
1258 2643 1293 2703 et
1313 2637 1364 2703 ita

312 2737 377 2802 erit
398 2759 515 2824 corpus
536 2758 653 2802 verum
677 2738 765 2823 quod
787 2743 839 2803 est
861 2737 1057 2816 substantie,
1078 2743 1113 2804 et
1135 2739 1185 2805 ita
1206 2740 1364 2825 plenum;

313 2839 393 2925 quin
421 2860 564 2904 vacuum
594 2859 663 2905 non
700 2844 752 2905 eet
781 2839 979 2906 substantia.
1025 2840 1092 2905 Sed
1123 2841 1212 2926 quod
1242 2863 1301 2927 per
1329 2863 1364 2907 ee

312 2947 389 3021 etet,
427 2947 478 3007 est
515 2943 708 3008 substantie
755 2942 843 3029 Ergo
882 2963 957 3007 curn
993 2947 1124 3028 ponunt
1161 2943 1363 3023 distentiem,

312 3048 377 3114 erit
414 3048 601 3114 substantie
638 3054 672 3114 et
705 3070 822 3135 corpus
859 3048 1013 3135 plenum3
1052 3049 1125 3114 ideo
1170 3049 1232 3114 hoc
1270 3071 1366 3137 argu-

313 3155 462 3217 mentum
493 3151 643 3238 implicet
677 3153 834 3238 opposite,
866 3173 940 3217 cum
975 3151 1057 3218 dicit
1090 3153 1179 3238 quod
1216 3174 1285 3218 non
1321 3155 1366 3218 eit

313 3275 430 3341 corpus
451 3253 489 3318 in
510 3253 642 3320 medio²
664 3255 807 3342 plenum,
832 3259 867 3320 et
889 3255 978 3341 quod
1004 3254 1050 3320 sit
1072 3255 1255 3337 distentic;
1285 3278 1364 3322 nem

314 3378 357 3423 ex
390 3356 553 3423 distantia
590 3357 747 3445 sequitur,
787 3357 875 3444 quod
912 3357 957 3424 sit
994 3379 1110 3447 corpus
1144 3360 1288 3447 plenum,
1328 3365 1366 3426 ut

314 3460 441 3526 dictum
463 3459 535 3526 est³

727 3747 806 3816 Cir.
831 3742 954 3816 XLVI.

363 3950 562 4019 OccAslouE
583 3969 661 4020 vero
683 3955 801 4020 horum
825 3977 899 4042 quen
917 3955 988 4042 jem
1004 3953 1144 4042 quaesitu
1167 3960 1244 4022 sunt
1259 3975 1496 4043 occur-orpheo

317 4060 399 4121 runt
421 4061 490 4122 tres
513 4057 712 4143 quaestiones
728 4057 933 4138 difficiliores,
951 4082 1022 4145 quae
1045 4064 1123 4125 sunt
1145 4060 1181 4124 in
1203 4066 1276 4126 tote
1297 4041 1537 4176 phi-ffi'ffi

317 4154 470 4246 lcsophin
508 4164 544 4225 et
581 4159 757 4247 theologie,
796 4165 831 4226 et
868 4162 928 4226 vix
962 4183 1109 4248 unquam
1147 4163 1292 4230 scientur
1327 4165 1532 4256 cbimneterial

318 4260 451 4327 homine
474 4262 511 4327 in
533 4262 595 4327 hec
615 4262 708 4343 vite3
730 4267 766 4327 et
781 4264 943 4350 praecipue
966 4270 1100 4352 propter
1123 4288 1246 4332 crroree
1268 4268 1371 4334 studii
1381 4246 1470 4310 ΜΨ

322 4458 390 4470 ...ι

351 4569 459 4638 1ιὶιιιυὶ]
477 4586 527 4623 cm.
540 4571 571 4625 Τ.
872 4575 995 4627 Lambeth
1005 4577 1061 4630 MS.
1071 4578 1093 4630 is
1103 4578 1167 4640 loen
1179 4579 1224 4630 but
1235 4579 1277 4630 the
1288 4579 1373 4631 catch·

352 4650 362 4679 ²
379 4651 404 4698 in
415 4651 504 4720 Μ’]
524 4668 573 4703 om.
587 4652 617 4702 T.
871 4658 953 4707 words
973 4661 1096 4710 occarione
1115 4677 1170 4711 vero
1188 4675 1231 4711 ere
1250 4661 1325 4711 noted
1347 4664 1374 4710 at

307 4789 309 4795 Ι
352 4723 467 4781 'diem
491 4731 541 4798 m]
574 4733 631 4784 The
653 4739 704 4785 rent
725 4733 755 4786 of
779 4732 821 4786 the
871 4737 914 4789 the
926 4739 1021 4789 bottom
1033 4739 1112 4791 nithe
1123 4755 1193 4806 page:
