3586 5640
303 752 397 851 vua]
697 776 785 826 orus
806 775 965 825 rannus.
1005 784 1011 791 ·
1313 763 1355 829 26

304 969 401 1015 causa
430 950 489 1025 est,
527 946 593 1010 nisi
631 946 833 1033 negligentia
863 946 1048 1033 principum
1078 952 1114 1012 et
1145 949 1355 1034 praelatorum

305 1050 508 1126 Latinorum,
543 1049 600 1134 qui
634 1070 803 1133 uunquam
835 1048 972 1114 fuerunt
1006 1050 1137 1113 solliciti
1170 1051 1211 1114 de
1243 1053 1355 1119 studio

304 1152 480 1239 sapientire
517 1151 748 1238 promovendo,
784 1150 870 1215 sicut
902 1151 1035 1216 luerunt
1066 1151 1154 1237 apud
1187 1152 1355 1235 Hebraeae,

305 1259 340 1318 et
363 1249 515 1332 (lraecos,¹
542 1257 577 1318 et
599 1252 733 1317 Arabes.
790 1252 878 1316 Nam
900 1252 984 1317 bene
1013 1252 1143 1317 inventi
1172 1259 1251 1318 sunt
1273 1277 1355 1320 sem-

305 1378 363 1441 per
400 1354 503 1439 aliqui
541 1353 688 1429 studiosi,
729 1358 764 1418 et
796 1375 884 1418 nunc
920 1358 1008 1432 sunt,
1046 1355 1103 1438 qui
1137 1357 1356 1440 aspirassent²

306 1456 350 1521 ad
381 1456 643 1542 magnitudinem
677 1455 871 1542 sapientiae3
905 1456 1053 1520 sednon
1085 1462 1272 1542 potnerunt,
1297 1481 1357 1525 nec

307 1564 451 1644 possunt,
469 1563 602 1644 propter
625 1556 788 1623 delectum
810 1557 974 1644 adjutorii,
999 1559 1178 1644 procedere.

747 1867 826 1932 Osa.
850 1867 910 1932 IX.

352 2065 423 2130 San
463 2069 593 2150 oportet
629 2086 681 2130 me
719 2064 772 2129 hio
809 2065 954 2150 quinque
991 2066 1214 2131 dubitationes
1250 2066 1356 2130 incur-
1371 2079 1490 2131 mser·

309 2174 418 2231 rentes
440 2190 614 2245 removere,
641 2173 682 2233 ut
707 2168 873 2253 persuasio
897 2167 1046 2232 veritatis
1070 2173 1228 2255 appareat
1250 2147 1522 2278 mani-mm,

311 2269 403 2333 festa
458 2268 536 2333 Una
567 2276 617 2334 est
650 2269 739 2354 quod
772 2291 819 2349 ea,
848 2290 921 2354 quae
948 2269 1019 2335 dico
1046 2275 1080 2335 et
1106 2293 1180 2356 quae
1211 2269 1356 2346 dicenda,
1372 2285 1393 2330 1.
1413 2280 1481 2331 'rhu
1515 2251 1523 2266 ⁹

311 2377 391 2435 sunt
424 2369 559 2434 contra⁸
590 2371 784 2456 exemplata,
816 2377 850 2436 et
879 2377 1041 2451 consueta,
1072 2377 1107 2438 et
1136 2373 1293 2460 vulgata;
1324 2377 1358 2437 et
1369 2346 1524 2464 fflffl‘

312 2493 373 2534 nos
404 2493 515 2536 omnes
544 2471 723 2558 allegamus
752 2471 822 2537 hec
852 2472 917 2537 tria
939 2473 976 2537 in
1007 2473 1116 2539 studio
1147 2480 1182 2540 et
1212 2476 1247 2539 in
1279 2475 1356 2540 vita
1370 2428 1516 2532 ulmum!-

313 2573 380 2638 Sed
401 2573 536 2658 planum
565 2578 615 2639 est
641 2573 860 2639 consideranti
889 2575 978 2660 quod
1004 2576 1074 2642 haec
1103 2576 1169 2642 tria
1197 2577 1358 2642 inducunt

312 2696 442 2740 omnem
473 2695 614 2740 errorem
644 2680 679 2739 at
709 2675 985 2761 imperfectionem
1014 2677 1050 2741 in
1079 2679 1141 2743 hoc
1169 2680 1302 2758 mundo,
1325 2684 1360 2744 et

313 2798 443 2841 omnem
472 2776 637 2841 hominem
664 2781 700 2841 et
725 2781 849 2842 statum
871 2777 1051 2862 quemlibet
1072 2785 1304 2865 corrumpunt3
1326 2786 1360 2845 et

314 2877 424 2964 quod⁴
449 2878 561 2943 nullus
585 2877 713 2943 videbit
743 2878 926 2955 veritatem,
957 2878 1021 2941 nisi
1052 2879 1122 2944 baec
1151 2880 1217 2944 tria
1249 2902 1270 2944 a
1302 2902 1361 2944 sua

313 2980 512 3066 cogitatione
542 2985 728 3058 removeat3
760 2984 794 3044 et
818 2984 973 3063 quartum
1004 2979 1162 3060 similiter,
1193 2981 1281 3065 quod
1312 2987 1363 3045 est

314 3082 458 3147 defensio
480 3081 619 3167 propriae
649 3081 844 3166 ignorantiae
873 3101 932 3165 per
960 3080 1221 3165 reprobationem
1251 3103 1363 3146 eorum

315 3205 390 3269 quae
420 3183 589 3259 nescimus,
621 3187 656 3246 et
684 3203 751 3246 non
781 3187 914 3268 propter
936 3202 1080 3246 amorem
1114 3183 1272 3248 veritatis.
1320 3183 1365 3248 Et

316 3285 394 3369 quia
415 3285 484 3349 baec
506 3289 647 3369 quatuor
669 3281 845 3347 destruunt
867 3283 984 3360 omnia,
1008 3283 1081 3349 ideo
1104 3284 1165 3350 feci
1191 3286 1226 3349 in
1259 3285 1365 3372 Opere

316 3385 436 3470 Majori
457 3390 584 3471 partem
616 3384 755 3470 primam
787 3384 914 3450 dehac
936 3387 1081 3464 materia,
1109 3389 1282 3454 ostendens
1307 3410 1366 3474 per

316 3485 518 3573 Scripturam
545 3485 678 3550 Sacram
702 3490 737 3550 et
769 3483 850 3572 per⁵
880 3487 968 3552 dicta
999 3494 1193 3569 sanctorum,
1226 3511 1284 3575 per
1310 3489 1325 3574 j

316 3587 516 3664 canonicum,
540 3609 598 3673 per
626 3586 874 3673 philosophiam,
902 3590 991 3674 quod
1020 3591 1089 3654 haec
1120 3596 1261 3675 quatuor
1290 3611 1365 3654 con·

317 3689 499 3754 trariantur
520 3689 655 3754 veritati
677 3695 712 3754 et
733 3689 930 3775 perfectioni
992 3691 1038 3755 Et
1060 3691 1138 3775 quia
1159 3691 1208 3755 ibi
1230 3691 1367 3777 probavi

317 3792 378 3856 hoc
409 3791 444 3854 in
470 3790 637 3876 principio,
666 3796 800 3876 propter
830 3791 941 3855 omnia
971 3792 1148 3876 sequentia,
1181 3797 1216 3857 et
1247 3792 1282 3856 in
1308 3791 1365 3858 Se-

318 3893 425 3959 cundo
456 3891 562 3978 Opere
592 3892 654 3957 feci
683 3891 893 3969 mentionem,
920 3896 954 3957 et
975 3892 1082 3958 adhuc
1105 3892 1142 3956 in
1173 3892 1234 3958 hoc
1255 3892 1366 3960 Tertio

320 3993 427 4081 Opera
461 3994 642 4080 exprimam
671 4015 745 4079 quae
776 3993 955 4059 necessaria
986 3999 1071 4071 sunt,
1104 3993 1178 4059 ideo
1209 3995 1278 4062 haec
1309 3995 1365 4063 ob

313 4097 414 4184 jectio
445 4095 539 4162 nulla
568 4101 617 4162 est
652 4097 740 4182 apud
777 4095 948 4183 sapientes,
983 4096 1040 4182 qui
1077 4117 1203 4183 semper
1231 4097 1367 4167 fuerunt

354 4421 361 4450 ¹
373 4419 499 4486 Hebraea,
522 4431 546 4474 el
565 4422 677 4491 Groeoor]
708 4424 818 4486 Graecos,
901 4427 1026 4494 Μῖνι]
1045 4428 1075 4479 L.
1109 4430 1209 4495 euceri,
1219 4448 1304 4498 supra.

319 4498 449 4562 ΗΘΜ
459 4501 490 4552 Ia·
505 4501 535 4553 T.
903 4533 912 4562 ι
922 4530 998 4598 ΨΜ]
1009 4547 1050 4582 om
1070 4533 1095 4584 Τ

353 4580 537 4647 ἀφίκηαι]
559 4582 591 4634 U.
633 4580 733 4644 caan,
751 4583 819 4649 arpi·
1053 4569 1060 4584 ’
1094 4571 1101 4585 ’

320 4653 417 4710 roban·
903 4651 913 4679 ⁸
920 4648 980 4717 W]
993 4664 1041 4702 omn
1053 4650 1083 4703 11·
1096 4649 1127 4707 Tu
