3586 5640
329 745 383 833 11.]
416 833 418 837 Α
748 760 926 812 urrunnu
948 762 971 813 1.
1317 745 1384 821 527

328 937 379 1004 De
410 936 651 1006 characteribus
681 934 784 1023 igitur
813 935 920 1022 primo
953 934 1171 1021 judicandum
1210 938 1297 1005 sicut
1341 939 1382 1007 ds

328 1041 531 1108 orationibus
563 1040 688 1106 dictum
710 1043 768 1105 est
830 1037 881 1105 De
903 1037 1077 1105 secundis¹
1112 1044 1224 1107 sutem
1255 1042 1283 1108 si
1311 1063 1381 1109 non

327 1143 410 1211 fiant
451 1143 655 1229 temporibus
691 1141 828 1218 electis,2
866 1141 993 1207 nullam
1031 1142 1163 1227 penitus
1201 1142 1381 1211 efficaciam

327 1246 447 1312 habere
469 1251 656 1312 noscuntur.
703 1244 749 1309 Et
771 1243 845 1308 ideo
867 1244 925 1328 qui
947 1243 1027 1309 facit
1050 1267 1089 1310 ea
1111 1245 1197 1311 sicut
1229 1247 1382 1314 inlibris

326 1349 518 1425 formantur,
559 1370 627 1413 non
656 1345 830 1433 respiciens
867 1346 931 1411 nisi
960 1347 1063 1413 solam
1101 1347 1242 1433 figuram
1282 1371 1382 1435 quarn

327 1449 562 1538 repraesentat³
591 1450 634 1516 ad
656 1448 831 1542 exemplar,
862 1448 947 1515 nihil
969 1448 1074 1516 facere
1105 1450 1148 1517 ab
1178 1452 1270 1517 omni
1294 1453 1381 1539 sapi-

327 1560 403 1619 ente
427 1553 605 1638 judicatur.
666 1551 733 1632 Qui
769 1557 881 1619 autem
911 1551 1021 1618 sciunt
1050 1553 1088 1616 in
1118 1553 1381 1621 constellationi·

325 1655 388 1723 bus
418 1655 538 1723 debitis
561 1677 659 1743 opera
680 1655 784 1721 facere
808 1654 853 1719 ad
882 1654 997 1720 vultus
1027 1656 1194 1733 coelorum,
1229 1656 1281 1721 illi
1313 1679 1381 1724 non

325 1758 431 1825 solum
461 1759 668 1837 characteres,
700 1757 757 1824 sed
788 1756 899 1823 omnia
929 1778 1030 1844 opera
1060 1780 1121 1824 sua
1151 1764 1293 1846 possunt
1316 1759 1381 1826 dis-

328 1884 454 1949 ponere,
486 1868 557 1929 tam
589 1862 678 1939 artis,
711 1881 811 1947 quam
837 1865 976 1939 naturas,
1009 1861 1189 1929 seeundum
1216 1862 1292 1929 eceli
1315 1864 1382 1930 vir-

327 1970 442 2032 tutem
489 1964 556 2031 Sed
591 1965 670 2050 quia
698 1962 829 2029 difficile
858 1967 911 2032 est
938 1963 1171 2031 certitudinem
1199 1965 1383 2032 coelestium

327 2070 499 2155 percipere,
524 2067 599 2135 ideo
618 2067 656 2132 in
677 2066 728 2131 his
752 2065 877 2131 multus
900 2071 950 2133 est
970 2087 1060 2133 error
1082 2067 1171 2153 apud
1193 2068 1323 2147 multos,
1349 2076 1383 2136 et

327 2171 423 2257 pauci
447 2177 525 2237 sunt
551 2170 608 2256 qui
630 2167 755 2254 aliquid
778 2168 906 2235 utiliter
931 2172 966 2234 et
982 2169 1143 2236 veraciter
1165 2171 1272 2237 sciant
1297 2171 1384 2237 ordi-

328 2295 414 2339 nare.
471 2273 517 2338 Et
540 2270 730 2360 propterea⁴
755 2271 875 2358 vulgus
898 2271 1207 2338 mathematicorum
1232 2274 1383 2360 judican-

328 2377 413 2442 tium
437 2382 471 2441 et
494 2374 701 2462 operantium
730 2395 788 2459 per
810 2373 923 2439 stellas
958 2396 1102 2461 magnas,
1137 2397 1205 2440 non
1239 2377 1382 2442 multum

329 2475 527 2565 proficiunt,⁶
549 2485 608 2543 aut
638 2463 765 2562 aliquid
794 2475 878 2544 utile
900 2475 1046 2556 faciunt;
1080 2478 1231 2563 quamvis
1254 2479 1385 2565 peritis-

329 2582 412 2658 simi,
444 2588 479 2646 et
509 2587 613 2646 artem
649 2577 848 2645 sufficienter
886 2578 1055 2658 habentes,
1087 2585 1220 2666 possent
1261 2581 1383 2647 multas

328 2685 489 2749 utilitates
519 2683 633 2760 facere,
664 2687 737 2747 tam
766 2703 825 2771 per
849 2681 976 2773 judicia
1006 2704 1105 2770 quam
1135 2705 1194 2771 per
1223 2705 1321 2773 opera
1347 2685 1383 2752 in

258 2778 260 2782 ¹
328 2786 531 2873 temporibus
561 2785 679 2850 electis.

375 2887 656 2956 Considerandum
680 2889 731 2951 est
751 2890 873 2964 tamen,
899 2888 987 2973 quod
1017 2887 1162 2971 medicus
1188 2889 1323 2975 peritus,
1348 2893 1512 2957 etflovfar

329 2993 514 3080 quicunque
538 2991 622 3054 alius
647 2989 704 3074 qui
728 2988 830 3052 habet
856 2985 1019 3053 animam⁰
1046 2990 1198 3068 excitare,
1229 3012 1288 3077 per
1312 2973 1529 3090 car-ffffle

329 3095 420 3159 mina
450 3099 484 3158 et
520 3093 721 3157 characteres
758 3090 836 3154 licet
872 3089 974 3169 fictos,
1020 3091 1149 3156 utiliter
1186 3092 1380 3180 (secumdum
1392 3105 1457 3157 cine

330 3196 588 3262 Constantinum
622 3192 801 3279 medicum)
838 3197 948 3278 potest
978 3193 1159 3275 adhibere;
1197 3218 1265 3262 non
1304 3199 1382 3285 quia

329 3299 392 3386 ipsi
423 3299 623 3364 characteres
653 3301 687 3360 et
723 3294 868 3359 carmina
898 3295 1022 3381 aliquid
1054 3305 1237 3384 operentur,
1261 3300 1320 3366 sed
1343 3307 1383 3367 ut

330 3400 482 3466 devotius
520 3403 555 3464 et
591 3397 723 3463 avidius
760 3397 924 3463 medicina
961 3399 1146 3486 recipiatur,
1179 3406 1214 3467 et
1253 3403 1383 3470 animus

329 3502 489 3589 patientis
521 3501 693 3578 excitetur,
726 3506 760 3564 et
790 3500 937 3566 confidat
971 3501 1116 3584 uberius,
1143 3509 1178 3570 et
1202 3512 1320 3593 speret,
1348 3512 1383 3573 et

329 3605 553 3692 congaudeat;
586 3601 763 3691 quoniam⁷
798 3602 910 3669 anima
940 3605 1087 3671 excitata
1108 3612 1218 3693 potest
1243 3609 1281 3673 in
1314 3631 1383 3676 cor·

329 3729 407 3795 pore
437 3703 591 3795 proprio⁸
626 3706 733 3771 multa
764 3727 931 3786 renovare,
967 3712 1006 3772 ut
1037 3707 1077 3773 de
1107 3709 1303 3777 infirmitate
1341 3712 1385 3779 ad

329 3810 508 3875 sanitatem
531 3809 744 3888 convalescat,
762 3829 805 3873 ex
825 3810 1002 3897 gaudiosi
1024 3810 1230 3878 confidentia
1270 3813 1307 3879 si
1322 3814 1384 3902 igi-

328 3919 385 3978 tur
407 3912 552 3977 medicus
576 3912 620 3976 ad
644 3911 925 3999 magnificandum
949 3935 1031 4001 opus
1054 3935 1159 3993 suum,
1187 3920 1227 3981 ut
1252 3915 1383 4002 patiens

332 4147 336 4150 Δ
401 4145 409 4152 α
669 4142 673 4146 ,
684 4141 702 4146 ..
712 4141 742 4146 ...Α
752 4139 792 4146 --
801 4140 832 4145 --
853 4141 1033 4148 .---..-..-.
1042 4142 1132 4149 -..---
1149 4143 1378 4151 ---..η,..

363 4274 370 4303 ¹
382 4272 506 4338 soeuadic]
525 4271 617 4338 sigillis
629 4278 712 4322 autem
730 4279 756 4322 et
772 4272 831 4323 cha·
855 4278 857 4283 ‘
912 4274 922 4301 ⁵
929 4273 1076 4339 proficiunt]
1090 4273 1296 4336 exceduntMS,
1307 4281 1331 4325 et
1341 4281 1385 4327 aut

327 4354 465 4405 meteribus
477 4354 587 4405 mundo
597 4353 673 4404 modo
683 4352 742 4416 nisi,
753 4352 782 4405 0.
795 4352 830 4405 H.
880 4352 977 4418 aliquid
993 4352 1056 4403 utile
1071 4351 1176 4412 faciunt.
1192 4367 1242 4404 om

363 4431 474 4499 Ἥκω]
494 4433 554 4495 suis,
566 4433 595 4486 Ο.
910 4432 1050 4498 ἀπίωσι]
1072 4431 1199 4495 animalis,
1218 4431 1275 4484 MS.

362 4513 554 4580 'representafl
573 4512 687 4573 fabricat,
705 4515 734 4566 C.
913 4511 1058 4577 locam]
1073 4513 1126 4573 scd,
1137 4511 1195 4563 MS.

361 4594 370 4623 ⁴
378 4593 521 4659 propterea]
535 4601 665 4658 propterea
675 4593 749 4657 ultra,
759 4591 829 4655 MS.;
912 4592 1045 4660 'propric]
1060 4591 1177 4645 omlis.

326 4681 427 4738 propter
442 4673 499 4735 hoc,
510 4671 539 4724 C.
551 4671 585 4725 Η.
695 4707 697 4712 -
1030 4708 1032 4712 -
