3586 5640
455 802 498 866 98
829 816 958 867 accam
981 815 1127 866 ascours
1416 803 1508 890 [oar.

457 989 546 1075 quod
585 990 753 1070 intendit;
792 995 827 1058 et
863 993 910 1058 sic
948 997 999 1058 est
1036 992 1100 1058 hic.
1148 992 1193 1058 Et
1223 993 1386 1082 perhanc
1416 995 1508 1062 uiam

453 1092 630 1158 verborum
667 1093 849 1161 aestimavit
877 1095 1051 1161 Avicenna
1078 1095 1113 1160 in
1138 1100 1232 1162 sexto
1270 1096 1505 1177 Naturalium,¹

455 1194 543 1279 quod
566 1196 735 1282 prophetae
765 1203 799 1263 et
830 1199 994 1284 sapientes
1024 1199 1156 1285 antiqui
1186 1199 1375 1265 alterabant
1405 1206 1508 1266 mate-

455 1298 539 1363 riam
554 1299 677 1377 mundi,
702 1300 744 1364 ad
766 1301 947 1386 pluvisset
970 1301 1135 1368 siccitates
1150 1307 1185 1367 et
1199 1301 1281 1367 alias
1298 1302 1508 1370 alterationes

456 1402 549 1468 aeria
595 1403 642 1468 Et
667 1403 917 1469 scetuuaverrmt
947 1403 1133 1491 philosophi
1160 1404 1248 1490 quod
1272 1405 1318 1471 sic
1344 1406 1508 1494 contingit

456 1504 585 1570 allicere
615 1505 763 1572 homines
798 1512 833 1571 ct
866 1505 1024 1572 animalia
1061 1507 1170 1588 bruta,
1202 1513 1237 1572 et
1274 1513 1450 1595 serpentes,
1474 1515 1509 1575 et

456 1608 613 1674 maeones
651 1608 692 1674 dc
736 1609 893 1686 cavernis,
932 1613 967 1674 et
1004 1609 1120 1697 fugare
1157 1610 1337 1675 secundum
1374 1611 1509 1677 libitum

426 1768 429 1775 .
455 1709 624 1790 hominis,⁹
639 1717 673 1777 et
688 1711 739 1777 uti
755 1712 803 1777 iis
849 1711 895 1778 Et
918 1711 972 1778 hic
997 1712 1104 1777 oritur
1126 1733 1224 1778 omne
1245 1734 1349 1800 genus
1371 1713 1508 1780 fascina-

455 1812 556 1880 tionis
568 1837 577 1895 ;
609 1835 676 1881 non
698 1815 787 1902 quod
808 1814 981 1881 fascinatio
1005 1815 1136 1881 dicatur
1159 1837 1218 1902 per
1239 1816 1345 1881 solum
1370 1817 1508 1883 verbum

455 1916 632 1984 casualiter
657 1917 833 2006 prolatum,
857 1939 925 1984 non
955 1919 992 1984 in
1014 1923 1161 2005 temporo
1185 1916 1307 1985 debita
1336 1919 1507 1985 mustella-

455 2019 565 2100 tionis,
597 2041 657 2087 nec
688 2043 762 2088 cum
796 2021 877 2087 forti
899 2021 1100 2109 cogitatione
1122 2021 1249 2101 arrimae,
1281 2027 1316 2089 ct
1346 2020 1507 2087 desiderio

455 2123 645 2202 confidenti,
662 2130 697 2191 et
720 2124 907 2191 intentione
922 2129 1020 2204 certa,
1043 2125 1101 2190 sed
1128 2124 1171 2190 ad
1191 2127 1311 2189 nutum
1331 2123 1505 2210 loquentis,

454 2225 500 2291 sic
529 2232 580 2291 est
617 2228 721 2293 stulta
750 2227 976 2308 consideratio,
1007 2231 1042 2294 et
1071 2227 1206 2315 magica,
1244 2233 1281 2294 et
1309 2228 1508 2308 vetularum,
1616 2220 1623 2228 ’

454 2332 489 2394 et
519 2334 616 2394 extra
638 2331 932 2396 considerationem
962 2333 1159 2418 sapientum,
1181 2337 1216 2398 et
1237 2332 1322 2398 nihil
1344 2338 1505 2420 operetur,

453 2451 513 2496 neo
535 2431 576 2495 fit
590 2431 739 2516 aliquid,³
755 2433 820 2496 nisi
845 2433 995 2498 diabolus
1020 2439 1153 2520 propter
1173 2440 1305 2520 peccata
1334 2436 1505 2501 hominum

454 2536 606 2618 operetur
635 2533 785 2599 latenter.
848 2533 915 2599 Sed
944 2535 972 2598 si
1002 2534 1144 2600 virtutes
1168 2543 1310 2620 quatuor
1339 2538 1505 2622 praedictae

453 2633 666 2700 concurrant⁴
689 2656 764 2700 cum
789 2634 934 2721 quinque
959 2636 1202 2728 conditionibus
1222 2638 1353 2716 animae,
1382 2639 1506 2704 scilicet

453 2735 533 2803 forti
557 2737 766 2824 cogitatione,
793 2738 954 2804 desiderio
978 2737 1175 2816 vehementi,
1201 2739 1389 2805 intentione
1416 2747 1505 2806 certa

454 2838 507 2907 et⁵
520 2841 618 2907 firma
641 2863 707 2928 spe,
731 2840 883 2907 bonitate
898 2840 1019 2909 animae
1033 2841 1087 2908 vel
1102 2841 1241 2921 malitia,
1265 2846 1300 2907 et
1321 2864 1396 2908 cum
1418 2864 1503 2907 oom-

453 2943 606 3031 plexione
640 2945 782 3031 corporis
804 2944 892 3010 mala
914 2945 969 3011 vol
997 2945 1092 3025 bona,
1131 2949 1212 3011 tunc
1249 2941 1315 3009 erit
1343 2944 1503 3023 alteratio,

454 3069 650 3133 quocunque
673 3048 772 3114 modo
798 3053 943 3126 vocetur,
969 3070 1028 3115 seu
1054 3047 1226 3114 fascinatio
1250 3048 1320 3113 sive
1346 3048 1446 3113 aliud.

285 3157 412 3211 Thamb-
499 3152 545 3217 Et
567 3151 621 3217 hic
643 3151 750 3216 oritur
779 3156 852 3218 tota
882 3151 1100 3218 consideratio
1129 3151 1314 3217 carminum
1336 3156 1371 3218 et
1392 3152 1504 3218 incan-

281 3226 441 3345 jbffippdto
454 3255 620 3320 tationum
643 3259 678 3320 et
699 3255 946 3336 characterum;
970 3255 1050 3341 quia
1071 3254 1272 3320 characteres
1294 3260 1373 3321 sunt
1387 3255 1503 3342 figura

285 3374 381 3424 asper-
417 3331 425 3357 ’
454 3356 623 3423 literarum
662 3357 704 3422 ad
735 3358 877 3423 invicem
908 3363 1115 3445 congregata
1146 3357 1183 3422 in
1216 3357 1357 3444 figuram
1394 3380 1503 3438 unam,

284 3430 408 3560 ffigl'
454 3461 633 3526 secundum
657 3460 745 3546 quod
769 3460 887 3547 aliquae
910 3461 1062 3526 nationes
1083 3460 1268 3526 Orientales
1291 3461 1448 3542 scribunt,
1464 3466 1503 3527 ut

454 3564 489 3629 in
512 3568 658 3629 tractatu
687 3562 737 3628 De
764 3562 954 3650 regionibus
989 3563 1109 3629 Mundi
1141 3561 1340 3651 conscripsi⁰
1373 3565 1409 3629 iu
1435 3565 1502 3630 fine

487 3787 679 3854 'NotumliumJ
706 3788 843 3840 Otherwise
859 3789 953 3840 known
1002 3790 1079 3838 “sed
1106 3788 1273 3852 multiplicant
1306 3789 1384 3838 lineas
1417 3804 1503 3839 ascen-

453 3869 645 3930 astAnima,
658 3869 732 3919 chr.
748 3869 786 3932 (Ρ)
1004 3873 1018 3895 “
1034 3869 1124 3919 dendo.
1174 3868 1273 3919 Kataia
1291 3867 1423 3918 orientales
1442 3867 1503 3916 sori·

485 3947 619 4013 ’tanim
638 3963 687 3998 om.
706 3947 736 3999 T.
1002 3955 1016 3976 ‘⁶
1033 3949 1096 3999 bunt
1115 3962 1173 3998 curn
1184 3947 1314 4012 punctorio
1333 3962 1382 4010 quo
1397 3946 1504 4011 pingrmt

486 4031 549 4080 'aar
559 4030 595 4090 fit
611 4025 717 4092 aliquid]
738 4042 786 4077 om.
805 4027 835 4077 T.
1001 4034 1017 4058 ‘¹
1033 4028 1148 4094 pictores,
1158 4034 1184 4077 et
1201 4025 1296 4076 faciunt
1312 4025 1338 4074 in
1356 4039 1406 4075 una
1422 4024 1503 4090 ligura

486 4105 662 4172 ‘manaan
682 4113 878 4169 contraonrrant,
895 4107 925 4156 Β.
1003 4108 1116 4171 “plures
1149 4105 1232 4156 literas
1266 4104 1502 4169 comprehendentes

486 4188 543 4255 ἐκ]
561 4202 609 4238 om.
626 4186 656 4236 R
1001 4194 1016 4216 ‘⁶
1032 4201 1108 4237 unam
1135 4185 1277 4236 dictionem.
1326 4184 1361 4235 nt
1388 4198 1421 4234 ex
1453 4185 1502 4234 hoc

486 4264 651 4333 ‘comt'ffl
689 4264 815 4315 “Tartari
841 4266 953 4315 scribunt
1001 4265 1139 4316 “veniunt
1161 4264 1317 4314 characteres
1339 4262 1383 4327 qui
1409 4263 1501 4314 habent

456 4354 473 4378 ⁴⁸
489 4361 610 4402 smmum
626 4346 653 4395 in
670 4346 791 4405 deorsum,
808 4351 834 4395 et
850 4360 865 4394 a
881 4345 953 4394 sinis·
1001 4350 1016 4373 ‘⁴
1032 4345 1124 4395 multas
1140 4344 1225 4394 literas
1241 4343 1322 4393 simul.
1356 4342 1431 4392 Unde
1447 4344 1502 4392 veri

457 4436 473 4460 ‘⁴
487 4429 564 4482 train
574 4429 687 4478 dextram
699 4424 865 4488 multiplicant
875 4425 953 4475 lineas
1002 4430 1016 4452 ‘⁶
1033 4424 1189 4474 characteres
1212 4431 1237 4473 et
1262 4421 1426 4486 philosophici
1444 4432 1501 4473 sunt

457 4516 473 4539 ‘⁸
489 4518 514 4562 et
528 4511 620 4575 legunt.
653 4505 750 4555 Thebet
765 4504 877 4554 scribunt
889 4505 952 4554 sieut
1002 4503 1163 4568 “compositi
1187 4519 1220 4552 ex
1245 4501 1331 4561 literis,
1358 4511 1384 4551 et
1409 4503 1501 4552 habent

459 4596 477 4621 ⁴⁴
490 4606 536 4643 nus
566 4595 591 4639 et
616 4586 707 4636 habent
734 4584 827 4648 figuras
860 4583 953 4634 similes
1002 4589 1018 4612 ‘⁴
1036 4600 1136 4635 sensum
1151 4580 1376 4634 dissonans-lt
1396 4580 1456 4633 Bao.
1474 4584 1500 4631 in

460 4678 478 4701 ⁸·
493 4669 588 4723 ms.
621 4665 721 4730 Tangat
736 4664 874 4713 scribunta
890 4664 951 4714 dex·
1001 4663 1145 4729 Geograph.
1161 4663 1194 4715 U.
1211 4660 1251 4715 Cf.
1272 4661 1342 4726 Opus
1366 4661 1457 4726 Maius,
1476 4678 1500 4727 p.

463 4757 481 4781 ⁸
494 4760 535 4803 tn
556 4749 584 4801 ia
606 4745 737 4804 unimam
761 4742 826 4793 sicat
847 4741 945 4794 Arabes
1000 4749 1056 4794 235.
