3586 5640
452 764 517 834 424
831 780 959 832 nouam
982 777 1128 830 ascerus
1410 764 1502 851 [err.

450 967 485 1026 et
506 960 641 1025 liberius
663 959 700 1024 in
723 981 762 1026 eo
783 959 894 1046 potuit
915 980 1031 1025 vacare
1054 957 1223 1045 sapientia
1246 961 1282 1022 et
1304 958 1502 1044 contempla·

450 1063 535 1129 tioni
572 1064 694 1129 futurae
732 1062 921 1142 felicitatis3
944 1061 1030 1126 sieut
1068 1082 1135 1125 non
1172 1059 1278 1126 solum
1315 1060 1393 1125 libri
1431 1060 1502 1146 ejus

450 1171 626 1247 testantur,
649 1166 707 1231 sed
730 1165 788 1230 alii
810 1163 1003 1251 philosophi,
1027 1167 1061 1228 et
1091 1185 1159 1228 non
1181 1163 1288 1228 solum
1310 1164 1417 1230 Graeci
1444 1165 1501 1230 sed

312 1339 316 1347 ,
452 1269 572 1334 Latini.
627 1269 727 1335 Unde
750 1268 876 1332 Tullius
906 1267 1023 1353 quinto
1048 1266 1275 1346 Quaestionum
1305 1266 1502 1332 Tusculana-

450 1393 533 1450 rum,
558 1377 592 1437 et
622 1372 741 1457 quinto
763 1370 1033 1436 Academicorum
1056 1365 1159 1447 libro,¹
1180 1369 1253 1455 jam
1287 1369 1385 1436 dictae
1407 1369 1501 1435 testi·

451 1474 597 1539 monium
621 1473 773 1560 perhibet
795 1472 937 1538 veritati

498 1577 564 1642 Sed
598 1577 639 1641 de
673 1575 877 1642 notabilibus
900 1574 1006 1641 civilis
1028 1574 1174 1640 scientiae
1198 1574 1389 1641 Aristotelis
1411 1597 1503 1662 mag-

357 1732 372 1765 n
452 1702 515 1744 nus
560 1679 642 1744 liber
686 1679 793 1744 factus
829 1678 903 1756 fuit,
942 1682 976 1743 et
1014 1677 1232 1765 dignissimus,
1280 1683 1314 1744 et
1358 1679 1503 1744 maxime

451 1781 648 1848 conveniens
681 1781 746 1868 legi
781 1780 987 1857 Christianae,
1022 1781 1100 1866 quia
1127 1781 1167 1846 (16
1198 1781 1322 1846 eisdem
1352 1787 1403 1848 est
1446 1782 1503 1848 lex

282 1865 310 1898 ⁵⁰
365 1885 372 1901 '
452 1884 639 1950 Aristotelis
684 1888 718 1950 et
762 1883 818 1948 lex
857 1882 1054 1962 Christiana,
1089 1883 1165 1948 licet
1199 1883 1306 1949 multa
1336 1884 1504 1949 addantur

449 1987 486 2052 in
523 1988 595 2075 lege
630 1986 828 2065 Christiana,
862 2008 936 2072 quae
967 1984 1133 2051 excellunt
1170 2007 1301 2052 omnem
1323 1985 1503 2052 humanam

448 2091 619 2156 scientiam
642 2090 678 2154 in
702 2089 879 2154 infinitum.
919 2087 990 2153 Lex
1025 2087 1112 2153 enirn
1144 2086 1336 2152 Christiana
1364 2088 1504 2153 assumit
1573 2125 1585 2142 ,

448 2193 604 2279 quioquid
627 2193 765 2280 dignum
789 2197 840 2258 est
865 2192 901 2256 in
923 2191 995 2278 lege
1018 2190 1109 2255 civili
1136 2189 1367 2277 philosophica
1414 2191 1503 2271 Quo·

447 2296 539 2362 niam
571 2296 661 2360 Deus
692 2295 785 2360 dedit
819 2292 1020 2381 philosophis
1052 2314 1181 2358 omnem
1209 2293 1393 2372 veritatem,
1416 2293 1504 2358 sicut

447 2399 553 2463 sancti
592 2399 719 2474 (locent,
766 2401 801 2462 et
839 2396 985 2461 maxime
1023 2395 1233 2482 Augustinus
1270 2395 1411 2462 secundo
1450 2396 1503 2462 De

447 2500 608 2566 Doctrina
624 2498 848 2579 Christiana32
871 2504 906 2563 et
929 2498 1083 2564 hortatur
1106 2497 1311 2582 Christianos
1329 2503 1369 2563 ut
1383 2520 1501 2563 aurum

447 2602 627 2690 sapientiae,
652 2605 687 2666 et
709 2605 885 2687 argentum
917 2600 1114 2687 eloquentiae
1138 2600 1318 2667 Christiani
1349 2601 1502 2667 auferant

445 2726 467 2770 a
500 2703 718 2792 philosophis,
744 2708 904 2790 tanquam
938 2703 980 2768 ab
1018 2702 1150 2790 injustis
1182 2702 1427 2790 possessoribus,
1466 2709 1502 2770 et

446 2813 606 2894 tanquam
638 2805 807 2894 proprium
832 2805 1038 2872 Christianis.
1085 2805 1114 2870 Ο
1147 2827 1246 2891 quam
1280 2805 1406 2872 nobiles
1428 2828 1501 2872 sen·

445 2911 569 2978 tentiae
606 2910 780 2998 proferunt
825 2907 1011 2995 philosophi
1050 2907 1090 2973 de
1125 2907 1207 2989 Deo,
1244 2912 1279 2974 61
1324 2909 1364 2973 (16
1401 2909 1502 2975 beata

447 3013 622 3094 Trinitate‚
647 3018 682 3079 et
704 3000 745 3078 de
768 3011 994 3078 incarnatione
1010 3009 1090 3074 Filii
1105 3010 1179 3090 Dei,
1194 3015 1229 3076 et
1251 3011 1291 3076 (16
1308 3009 1448 3089 Christo,
1465 3017 1501 3077 et

447 3121 488 3186 de
519 3120 618 3186 beata
640 3120 787 3206 Virgine,
811 3124 845 3184 et
869 3118 909 3184 de
940 3117 1074 3204 angelis,
1098 3120 1133 3182 61
1158 3117 1198 3182 (16
1222 3117 1433 3195 daemonibus,
1465 3125 1501 3184 61

445 3224 487 3288 de
520 3223 647 3307 judicio
676 3223 779 3300 finali,
814 3226 848 3286 et
886 3220 927 3285 de
957 3220 1061 3307 gloria
1094 3219 1227 3298 coelesti,
1262 3225 1297 3285 et
1329 3221 1370 3287 de
1401 3242 1502 3307 poena

445 3325 608 3403 infernali,
643 3329 677 3390 et
700 3325 742 3389 de
773 3323 1002 3410 reprobatione
1033 3323 1195 3388 malarum
1218 3323 1337 3409 legum,
1363 3329 1397 3388 et
1427 3347 1501 3410 quae

446 3428 490 3491 sit
524 3427 657 3513 optima,
692 3433 726 3492 et
758 3427 921 3512 quomodo
951 3426 1083 3512 probari
1114 3426 1240 3506 debeat,
1264 3431 1299 3491 et
1329 3448 1403 3512 quse
1433 3427 1502 3493 sint

445 3529 651 3595 conditiones
674 3533 708 3594 ot
731 3528 863 3594 articuli
887 3527 965 3613 ejus,
982 3534 1017 3594 et
1040 3529 1202 3614 quomodo
1225 3530 1347 3594 servari
1371 3529 1500 3609 debeat,

445 3637 480 3697 et
504 3632 634 3698 defendi
663 3637 697 3697 et
723 3631 931 3719 promulgari,
957 3635 990 3696 et
1020 3632 1061 3696 de
1083 3631 1276 3718 legislatore,
1301 3636 1335 3697 et
1365 3630 1406 3696 de
1428 3632 1500 3718 ejus

445 3741 695 3813 successerant
718 3735 795 3800 dixi
843 3733 926 3800 Haec
949 3739 1059 3799 autem
1077 3734 1139 3799 sub
1162 3734 1353 3820 compendio
1376 3735 1500 3822 collegi,

444 3843 481 3903 et
503 3839 579 3903 misi
602 3838 735 3903 domino
752 3836 918 3902 Clementi
941 3836 1129 3923 apostolicae
1147 3837 1390 3915 recordationis,
1414 3837 1501 3903 sicut

445 3941 552 4006 multa
585 3941 672 4021 alia;
703 3941 781 4026 quia
812 3941 874 4005 hoe
905 3939 988 4003 mihi
1018 3938 1191 4005 efficaciter
1227 3945 1432 4026 praeceperat,
1464 3945 1500 4006 et

444 4043 600 4110 districte.
647 4043 693 4108 Et
723 4043 763 4108 (16
786 4043 837 4107 his
859 4042 919 4107 fiet
948 4041 1059 4127 aliqua
1082 4042 1243 4128 expositio
1273 4041 1408 4107 inferius
1429 4043 1500 4108 ioco

444 4168 511 4211 suo.
558 4147 641 4212 Haec
666 4146 769 4233 igitur
795 4145 873 4231 jura
903 4143 1126 4230 philosophico
1148 4150 1339 4231 competunt
1365 4144 1499 4226 clericis,

443 4255 478 4314 et
508 4272 575 4315 non
598 4249 761 4314 ruditates
791 4249 948 4314 laicorum
980 4246 1095 4324 Italiae,
1121 4247 1241 4333 quibus
1272 4253 1378 4313 status
1408 4248 1499 4314 cleri-

444 4372 555 4416 corum
586 4351 799 4417 confunditur
828 4350 871 4416 ad
902 4351 970 4416 haeo
999 4355 1155 4435 tempora
1202 4350 1302 4416 Unde
1336 4373 1402 4417 non
1424 4351 1499 4439 plus
