3586 5640
450 743 515 805 320
826 736 955 802 noorai
978 750 1124 801 ancorrs

284 935 430 996 Whntpor·
449 929 543 1010 getas
576 929 688 990 tamen
722 925 810 1012 apud
847 926 1025 1042 theologos,
1058 926 1116 990 sed
1148 923 1362 1011 proculdubio
1388 929 1514 991 tamen

284 999 392 1117 {hem
341 1065 412 1129 ΟΝ
450 1049 570 1114 magna
591 1027 682 1092 falsit
667 1026 756 1092 tate.¹
806 1026 851 1091 Et
872 1027 1035 1113 prrecipue
1060 1025 1295 1092 consideranda
1318 1031 1399 1092 eunt
1429 1027 1510 1106 duc),

284 1132 345 1183 M
318 1148 374 1195 r
346 1130 427 1181 mehe
450 1128 508 1193 ubi
537 1129 660 1194 tabulae
691 1128 918 1194 astronomicae
949 1133 1017 1192 tarn
1043 1129 1262 1195 Hebraeorum
1286 1150 1387 1214 quam
1412 1128 1513 1194 Lati·

285 1199 441 1316 “iffiwn
450 1252 567 1295 norum
582 1231 698 1317 positae
713 1236 798 1294 sunt.
838 1230 884 1295 Et
907 1230 960 1293 hic
981 1252 1111 1295 summa
1133 1235 1278 1317 potestas
1292 1231 1511 1297 astronomiae

284 1331 407 1383 m0⁸¹¹¹¹¹·
450 1333 636 1418 rQequiritur
683 1333 728 1396 Et
750 1333 894 1396 maxime
917 1337 1051 1417 propter
1073 1353 1112 1396 ee
1127 1353 1202 1417 quse
1225 1337 1304 1398 sunt
1329 1332 1439 1398 de..
1494 1331 1509 1369 ²
1540 1388 1549 1401 .

284 1405 391 1466 portant
451 1435 516 1500 Sed
539 1435 579 1499 de
601 1435 658 1498 illa
672 1433 794 1509 tabula,
812 1456 886 1518 quae
908 1433 1029 1498 Latina
1055 1439 1113 1514 est,
1139 1434 1238 1499 etde
1264 1434 1509 1500 coordinatur

451 1557 524 1600 curn
541 1537 682 1621 quodam
706 1534 861 1620 sapiente,
878 1535 1118 1601 adolescentem
1141 1537 1229 1600 hunc
1250 1535 1332 1600 satis
1354 1535 1509 1601 instruxi

450 1642 503 1707 hic
526 1648 565 1707 ut
586 1647 762 1727 utramque
777 1640 926 1705 tabulam
944 1640 1153 1728 intelligeret,
1177 1664 1252 1728 quae
1275 1641 1384 1708 ambae
1403 1642 1507 1707 simul

449 1766 516 1807 non
538 1744 687 1808 sciuntur
716 1766 737 1807 a
765 1743 873 1807 tribus
906 1743 980 1807 aliis
1010 1745 1046 1808 in
1084 1745 1145 1810 hoc
1177 1745 1310 1809 mundo.
1367 1743 1416 1808 Et
1442 1743 1508 1809 hoc

450 1846 536 1930 quod
567 1847 620 1910 hic
649 1850 754 1910 tracto
778 1851 828 1909 est
849 1867 953 1909 unum
978 1846 1018 1911 de
1044 1847 1160 1926 tribus,
1187 1847 1221 1911 in
1251 1846 1372 1933 quibus
1394 1845 1506 1910 solum

450 1947 513 2012 Doi
537 1946 687 2012 Vicarius
706 1947 807 2012 audet
827 1946 1012 2027 certificare,
1027 1947 1105 2033 quia
1119 1948 1293 2014 veritatem
1312 1969 1413 2034 quum
1435 1947 1507 2013 duo

448 2049 556 2113 sciunt
589 2049 653 2130 hic,
679 2071 817 2135 quorum
851 2069 938 2112 unus
969 2054 1020 2114 est
1040 2049 1299 2135 sapientissimus
1327 2048 1508 2136 theologus

448 2157 483 2216 et
497 2152 641 2238 optimus
655 2153 760 2228 homo,
777 2172 844 2215 non
859 2151 923 2215 nisi
938 2150 1035 2215 sunt³
1049 2151 1098 2214 illi
1112 2151 1147 2214 in
1162 2151 1330 2237 publicum
1344 2151 1504 2237 proferne,

448 2260 582 2339 propter
604 2253 795 2318 violentiam
811 2252 904 2338 vulgi
917 2278 925 2333 ;
950 2273 1024 2317 curn
1038 2257 1151 2317 tamen
1177 2253 1214 2317 in
1239 2253 1441 2318 contrarium
1457 2254 1506 2319 sit

447 2377 537 2418 error
558 2355 718 2431 infinitus,
741 2359 800 2418 aut
826 2355 944 2419 saltem
966 2359 1063 2419 cauta
1093 2354 1252 2431 dubietas,
1277 2375 1352 2439 quae
1378 2354 1506 2421 sufficit

447 2456 490 2519 ad
512 2455 715 2520 turbandum
741 2477 853 2519 omnes
878 2456 1044 2542 sapientes
1068 2454 1167 2541 hujus
1193 2456 1318 2535 mundi,
1346 2456 1435 2522 sicut
1461 2478 1505 2523 ea

448 2579 521 2641 quie
543 2556 648 2622 scribo
671 2555 892 2622 manifestant.

494 2659 583 2738 Quid
620 2681 699 2724 vero
744 2659 912 2724 sciendum
950 2663 1000 2724 est
1038 2660 1079 2724 de
1111 2658 1247 2746 judiciis
1286 2662 1503 2729 astronomiae

448 2761 620 2848 pulchrum
647 2766 695 2826 est
723 2761 837 2838 videri,
877 2767 912 2826 et
941 2760 1046 2839 facile,
1073 2766 1108 2826 et
1144 2761 1240 2827 valde
1270 2763 1502 2842 necessarium,

445 2864 524 2950 quia
549 2865 662 2929 valida
684 2863 852 2929 contentio
879 2867 930 2927 est
953 2863 1007 2928 hio
1036 2864 1124 2928 inter
1145 2863 1314 2950 theologos
1337 2869 1373 2930 et
1393 2864 1503 2951 philo-

445 2966 640 3052 sophantes;
667 2972 775 3052 atque,
796 2963 864 3050 [ut]
889 2965 958 3050 ipse
982 2965 1078 3051 plane
1109 2964 1231 3043 didici‚⁴
1254 2967 1503 3032 contrariantur

444 3070 488 3132 ad
509 3069 651 3133 invicem
674 3067 828 3154 theologi,
852 3066 1004 3132 similiter
1019 3066 1084 3132 sibi
1100 3067 1242 3132 invicem
1259 3068 1502 3135 contradicunt

446 3171 491 3234 Et
534 3191 620 3255 pono
662 3192 774 3235 sarisas
823 3169 1019 3255 ignorantiae
1058 3175 1091 3234 et
1136 3170 1414 3235 considerationes
1459 3173 1497 3236 in

445 3272 504 3335 hac
535 3276 637 3355 parte,
671 3273 848 3356 probantes
887 3272 1058 3336 evidenter
1091 3293 1149 3357 per
1186 3277 1316 3337 sanctos
1354 3278 1389 3337 et
1422 3272 1500 3359 phi·

443 3371 660 3456 losophantes,
692 3375 854 3438 rationem
885 3378 919 3438 et
950 3373 1195 3459 experientiam,
1230 3375 1317 3460 quod
1351 3396 1420 3440 non
1446 3381 1502 3441 est

443 3475 555 3559 aliqua
569 3473 695 3538 falsitas
720 3475 754 3538 in
766 3475 900 3561 judiciis
921 3476 1115 3562 astrologiae.
1167 3476 1212 3540 Et
1233 3476 1294 3542 hoc
1318 3477 1499 3544 invenietis

443 3577 478 3640 in
505 3576 580 3656 fine,
602 3577 638 3640 in
663 3577 905 3662 comparatione
941 3579 1183 3644 mathematicae
1210 3579 1253 3642 ad
1284 3578 1496 3666 theologiam.

443 3680 509 3746 Sed
531 3681 567 3743 in
584 3681 824 3766 comparatione
840 3681 882 3744 ad
905 3680 1072 3745 ecclesiam
1088 3680 1153 3745 Dei
1169 3681 1233 3745 duo
1255 3686 1333 3745 sunt
1359 3681 1499 3748 omnino

441 3782 598 3846 notanda.
661 3782 750 3844 Nam
789 3781 867 3866 quid
905 3787 955 3846 est
990 3782 1156 3868 pulchrius
1187 3805 1285 3868 quam
1325 3805 1384 3869 per
1422 3783 1497 3850 vias

442 3884 652 3948 astronomiae
677 3883 880 3968 distinguere
906 3904 1018 3947 omnes
1043 3890 1148 3949 sectas
1171 3890 1205 3949 et
1227 3886 1345 3970 eligere
1371 3890 1497 3950 sectum

443 3986 687 4052 Christianam?
733 3984 881 4048 Maxima
895 3984 982 4048 enim
998 3985 1069 4048 laus
1085 3986 1185 4050 datur
1202 3986 1279 4050 fidei
1296 3985 1497 4052 Christianae

441 4089 607 4172 perhanc
631 4089 722 4152 viam
750 4087 879 4164 adhu03
912 4092 947 4151 ot
974 4087 1138 4151 Dominus
1166 4090 1264 4153 Jesus
1290 4087 1443 4153 Christus
1459 4094 1497 4154 et

442 4189 544 4274 Virgo
559 4190 702 4275 gloriosa
720 4189 852 4276 pulchre
874 4188 1126 4270 describuntur;
1150 4195 1185 4255 et
1206 4197 1337 4276 tempus
1358 4191 1497 4276 ponitur

1335 4406 1492 4418 ----..

476 4541 618 4608 [amm]
637 4531 723 4602 state,
735 4543 791 4594 ns
1011 4545 1101 4611 roma]
1121 4545 1204 4596 naar

474 4622 570 4687 ²de...]
591 4623 626 4672 So
637 4624 662 4672 in
675 4625 731 4675 MS.
1011 4624 1119 4691 ⁴didr‘cr]
1138 4625 1227 4688 dedici,
1239 4627 1295 4678 MS.
