3586 5640
444 734 509 797 284
815 745 944 796 aonam
975 743 1121 794 alacrus
1405 726 1499 814 [car.

443 921 596 988 minuta¹
621 920 719 987 unius
745 920 820 1000 diei,
844 925 879 987 et
901 919 1143 1009 quinquaginta
1164 919 1314 999 secunde,
1341 923 1377 984 et
1399 917 1498 984 octo²

443 1026 551 1107 tertia,
574 1029 610 1090 et
638 1045 759 1090 novem
791 1027 919 1110 quarta,
942 1029 978 1090 at
1004 1024 1126 1111 viginti
1159 1023 1285 1109 quinta
1342 1021 1389 1087 Et
1419 1021 1499 1087 huic

443 1128 619 1194 concordat
640 1125 818 1206 Azaohel,⁸
845 1127 904 1212 qui
934 1126 1090 1192 fundavit
1123 1125 1254 1193 tabulas
1287 1146 1364 1190 suaa
1400 1144 1499 1211 super

444 1231 668 1317 quantitatem
698 1227 779 1295 anni
804 1229 939 1308 lunaris,
970 1228 1028 1315 qui
1059 1250 1166 1295 annus
1195 1228 1322 1294 lunaris
1349 1227 1499 1295 eontinet

443 1336 608 1399 trecentos
640 1330 883 1419 quinquaginta
916 1336 1059 1417 quatuor
1095 1329 1175 1412 dies,
1209 1335 1244 1397 et
1277 1330 1429 1416 quintam
1462 1332 1499 1395 et

444 1439 575 1500 sextam
601 1433 699 1500 unius
733 1433 806 1512 diei,
838 1432 874 1499 id
901 1437 961 1513 est,
994 1431 1117 1520 viginti
1150 1432 1216 1499 duo
1246 1432 1387 1498 minuta
1451 1429 1500 1497 Et

444 1535 622 1602 secundum
655 1535 717 1601 hoc
750 1535 815 1600 erit
846 1538 977 1622 tempus
1008 1535 1143 1622 aequalis
1173 1534 1353 1601 lunatiouis
1374 1531 1499 1621 viginti

443 1660 563 1704 novem
585 1638 664 1719 dies,
687 1642 722 1703 et
751 1635 891 1724 triginta
912 1658 1015 1702 unum
1037 1638 1176 1716 minuta,
1200 1641 1235 1703 et
1257 1636 1501 1724 quinquaginta

443 1741 604 1810 secunda:
635 1740 715 1826 quia
740 1738 863 1825 viginti
895 1759 1016 1805 novem
1050 1739 1128 1818 dies,
1151 1745 1187 1805 et
1219 1739 1361 1825 triginta
1392 1759 1499 1803 uuum

443 1843 583 1924 minuta,
621 1847 658 1908 et
702 1840 945 1928 quinquaginta
988 1843 1137 1921 secunda,
1176 1841 1396 1929 multiplicata
1439 1863 1501 1928 per

444 1945 625 2024 duodecim,
648 1943 776 2010 faciunt
798 1948 962 2009 trecentos
992 1943 1235 2031 quinquaginta
1257 1948 1399 2031 quatuor
1428 1942 1500 2009 dies

444 2054 479 2114 et
511 2047 635 2134 viginti
669 2047 735 2112 duo
768 2046 906 2112 minuta
963 2045 1029 2112 Sed
1058 2044 1226 2112 Azachel⁴
1255 2046 1367 2112 omisit
1396 2045 1501 2111 tertia

445 2150 626 2229 Ptolomaei,
665 2155 700 2214 et
745 2154 872 2235 quarta,
911 2152 946 2214 et
983 2149 1110 2234 quinte,
1150 2148 1229 2235 quia
1272 2149 1309 2213 in
1352 2147 1500 2212 maximo

444 2257 590 2340 tempore
612 2273 728 2338 parum
750 2250 949 2337 quantitatis
971 2250 1141 2337 adjiciunt.

490 2353 603 2419 Posito
636 2353 742 2439 igitur
774 2354 862 2439 quod
899 2359 1030 2441 tempus
1067 2352 1204 2440 aequalis
1241 2352 1422 2419 luuationis
1453 2352 1501 2418 sit

444 2455 567 2541 viginti
604 2476 723 2520 novem
761 2454 840 2532 dies,
879 2459 914 2520 et
959 2455 1101 2542 triginta
1136 2477 1241 2521 nuum
1286 2455 1425 2536 minuta,
1463 2458 1501 2520 et

445 2555 688 2643 quinquaginta
718 2554 867 2636 secunda,
891 2556 1011 2623 accidit
1043 2557 1132 2643 quod
1158 2558 1334 2623 minimum
1357 2561 1498 2644 tempus,

444 2658 602 2724 reducem
624 2658 771 2744 integras
797 2657 985 2725 lunationes
1015 2659 1059 2725 ad
1081 2660 1170 2725 idern
1200 2658 1357 2746 temporis
1378 2659 1500 2746 priuci-

446 2760 548 2849 pium,
586 2765 636 2827 eat
673 2759 814 2848 triginta
850 2760 931 2825 anni
968 2760 1128 2841 Arabum,
1166 2760 1224 2848 qui
1266 2765 1419 2828 constant
1456 2782 1500 2827 ex

445 2863 602 2930 trecentis
628 2862 804 2951 sexaginta
824 2861 1053 2930 lunationibus
1086 2863 1231 2951 integris,
1262 2868 1299 2930 et
1329 2862 1501 2929 continent

447 2965 517 3033 dies
554 2966 665 3033 decem
694 2965 801 3030 millia
836 2971 1007 3033 sexcentos
1038 2956 1178 3053 triginta
1215 2987 1319 3031 unum
1357 2965 1500 3053 praecise.

448 3068 612 3150 Quoniam
645 3089 721 3134 cum
753 3088 822 3134 una
842 3067 970 3135 lunatio
1002 3068 1047 3135 sit
1068 3067 1193 3156 viginti
1212 3089 1331 3134 norem
1362 3067 1440 3146 dies,
1464 3071 1501 3134 et

446 3171 587 3258 triginta
609 3191 715 3236 uuum
743 3170 883 3252 minuta,
910 3175 945 3237 et
972 3170 1215 3259 quinquaginta
1244 3169 1394 3248 secunda,
1418 3169 1501 3236 duo·

446 3272 552 3338 decim
586 3272 785 3354 lunationes,
809 3293 883 3358 quae
905 3273 1032 3339 faciunt
1057 3295 1164 3338 unum
1191 3295 1317 3339 annum
1347 3272 1501 3341 Arabum

445 3380 481 3440 et
503 3396 628 3440 anuum
655 3396 758 3440 unum
780 3373 939 3458 lunarem,
963 3376 1182 3442 continebunt
1211 3380 1376 3443 trecentos
1401 3375 1501 3463 quin·

446 3477 606 3563 quaginta
620 3482 763 3563 quatuor
786 3478 855 3545 dies
876 3485 911 3544 et
933 3478 1057 3566 viginti
1080 3479 1146 3544 duo
1161 3479 1291 3545 minuta
1311 3479 1410 3546 unius
1425 3478 1502 3545 diei.

444 3579 511 3645 Sed
535 3580 675 3645 trecenti
698 3581 940 3669 quinquaginta
962 3585 1105 3667 quatuor
1126 3582 1339 3668 multiplicati
1362 3604 1421 3670 per
1436 3581 1498 3649 tri-

445 3682 541 3768 ginta
561 3682 688 3748 faciuut
711 3683 822 3748 decem
844 3683 949 3748 millia
969 3689 1139 3749 sexcentos
1165 3684 1302 3771 viginti3
1327 3691 1362 3751 et
1376 3685 1501 3771 viginti

445 3785 511 3848 duo
534 3783 664 3849 minuta
698 3784 919 3871 multiplicata
940 3807 999 3872 per
1028 3786 1169 3872 triginta
1191 3787 1317 3852 faciunt
1347 3787 1499 3853 undecim

446 3886 515 3952 dies
530 3888 683 3975 integros,
695 3888 752 3974 qui
768 3887 936 3974 conjuncti
951 3887 1114 3975 prioribus
1129 3889 1255 3955 fuciunt
1270 3890 1381 3955 decem
1396 3889 1501 3955 millia

445 3995 615 4056 sexcentos
644 3991 784 4077 triginta
806 4011 919 4070 unum,
952 3991 1145 4056 reducentes
1176 3992 1281 4078 primo
1314 3992 1500 4058 lunationes

446 4093 587 4176 aquales
607 4092 650 4157 ad
665 4094 832 4158 consimile
855 4093 1012 4180 temporis
1030 4093 1172 4160 initium
1220 4094 1305 4160 (lum
1322 4095 1426 4182 igitur
1440 4094 1496 4159 tri·

445 4191 543 4278 ginta
563 4194 644 4258 anni
658 4194 809 4261 Arabum
827 4196 896 4261 sint
911 4201 1041 4283 tempus
1067 4197 1250 4277 minimum,
1267 4198 1357 4285 quod
1372 4197 1500 4264 reducit

446 4292 593 4380 integras
614 4296 803 4363 lunationes
825 4299 869 4364 ad
890 4298 1059 4365 consimile
1086 4300 1243 4388 temporis
1265 4300 1408 4379 initium,
1432 4322 1501 4366 non

480 4547 487 4579 ¹
500 4549 604 4615 minuto]
624 4550 757 4610 minutum,
768 4553 801 4604 Β.
1031 4551 1174 4622 'harbelj
1193 4552 1323 4617 Artachel,
1335 4555 1366 4609 B.

480 4628 524 4680 'rt
538 4629 603 4695 octo]
622 4639 679 4682 octo
694 4639 726 4692 et,
737 4632 768 4684 Β.
1031 4635 1170 4703 ’ΔιασΙιεΠ
1190 4635 1320 4696 Artaebeb
1331 4637 1363 4688 B,
