3586 5640
450 771 516 836 460
831 784 962 835 nouam
984 783 1131 836 maome
1414 771 1507 859 [aar.

446 967 480 1027 et
502 980 656 1025 nummus
690 960 845 1047 longatur
875 960 912 1025 in
934 961 1041 1048 prima
1074 961 1212 1046 syllaba,
1245 968 1284 1028 ut
1313 962 1504 1031 differentia

446 1063 550 1149 major
570 1069 727 1150 appareat
748 1063 835 1129 inter
857 1062 923 1140 illa,
946 1070 985 1129 ut
1006 1063 1171 1130 habentur
1185 1088 1206 1131 a
1229 1066 1378 1132 Juvenoo
1400 1068 1503 1134 tertio

445 1166 530 1232 libro
553 1188 650 1252 super
678 1165 885 1244 Matthaeum,
911 1165 970 1231 ubi
998 1165 1080 1233 dicit
1102 1166 1171 1233 sio:

479 1324 497 1354 “
508 1316 665 1404 Inspicite
687 1316 724 1381 in
747 1337 918 1381 nummum
942 1317 1127 1405 sculptique
1150 1319 1356 1387 nomismatis
1378 1319 1474 1388 aera”

447 1469 492 1535 Et
515 1468 669 1535 Sedulius
692 1468 727 1534 in
751 1469 869 1554 quinto
891 1468 976 1535 libro
1001 1467 1109 1557 [43.]:

491 1610 601 1675 “Tam
632 1609 697 1675 diri
720 1609 849 1675 sceleris
875 1609 1036 1675 terdena
1057 1610 1257 1678 nomismata
1279 1612 1411 1680 sumis”

445 1767 492 1833 Et
515 1765 676 1831 Horatius
706 1764 742 1831 in
769 1763 854 1830 libro
885 1764 1110 1852 Epistolarum
1135 1765 1184 1852 [ii
1202 1772 1231 1844 1,
1248 1767 1362 1855 2344:

535 1905 695 1973 “Retulit
715 1911 863 1993 acceptos
885 1905 994 1993 regale
1016 1906 1178 1972 nomisma
1200 1906 1397 1996 Philippoa’'

489 2056 555 2123 Sed
586 2057 615 2122 si
646 2079 667 2122 a
697 2076 832 2120 nummo
854 2055 1068 2133 derivaretur,
1100 2055 1268 2144 probabile
1293 2062 1378 2124 esset
1409 2061 1500 2146 quod

443 2159 641 2246 iungeretur,
673 2158 759 2224 sieut
784 2180 948 2224 nummus.
997 2157 1084 2224 Raro
1119 2159 1207 2224 enim
1240 2159 1342 2227 habet
1363 2160 1417 2227 hio
1447 2161 1499 2227 in-

443 2262 609 2342 stantiam,
654 2266 689 2328 et
734 2266 814 2327 tuno
859 2262 945 2326 ratio
977 2260 1089 2327 subest
1123 2262 1211 2348 quod
1245 2261 1298 2329 hia
1335 2262 1499 2352 assignari

442 2387 508 2429 non
530 2368 646 2450 potest,
670 2385 730 2429 neo
751 2385 773 2427 a
795 2362 933 2428 Britone
955 2363 1150 2451 assignatur.

486 2465 521 2529 N
522 2465 659 2530 omisrna
680 2463 857 2550 aliquando
880 2465 1023 2530 sumitur
1045 2487 1104 2552 pro
1128 2465 1269 2543 denario,
1287 2472 1326 2532 ut
1348 2467 1384 2532 in
1399 2489 1499 2535 versu

442 2566 568 2634 Sedulii
590 2571 692 2654 patet,
723 2588 788 2651 quo
818 2566 966 2652 loquitur
988 2569 1029 2634 de
1052 2567 1153 2647 Juda,
1176 2567 1234 2654 qui
1267 2568 1407 2656 triginta
1438 2591 1499 2637 no-

441 2669 603 2750 mismata,
626 2668 662 2733 id
685 2673 736 2734 est
758 2668 914 2746 denarios,
943 2676 1110 2756 acceperat
1132 2692 1191 2756 pro
1222 2670 1358 2736 Domini
1380 2673 1498 2739 vendi·

441 2773 540 2838 tione.
586 2769 777 2857 Aliquando
800 2793 860 2858 pro
882 2771 1075 2838 venditione
1105 2776 1141 2838 et
1165 2772 1336 2859 sculptura
1356 2775 1497 2857 nummi,

380 2964 382 2967 v
440 2883 480 2944 ut
506 2878 595 2966 apud
628 2877 838 2956 Juvenoum;
883 2877 972 2943 unde
1004 2877 1124 2943 dicitur
1155 2879 1285 2965 proprie
1324 2879 1497 2966 inscriptio

439 3003 513 3068 quae
537 2979 644 3046 estin
666 3000 825 3057 nummo;
866 2978 952 3044 siout
974 2984 1068 3066 patet
1091 2979 1127 3043 in
1151 2979 1342 3068 Evangelio,
1365 2985 1400 3047 et
1421 2982 1497 3050 ideo

440 3105 508 3148 uon
531 3088 580 3148 est
603 3083 723 3146 mirum
746 3082 774 3145 si
797 3080 858 3145 hoo
879 3081 973 3146 Brito
996 3102 1063 3146 non
1086 3081 1198 3168 potuit
1220 3081 1381 3168 ignorare.

485 3184 639 3270 Hugutio
670 3189 703 3248 et
727 3183 822 3247 Brito
852 3188 965 3247 errant
995 3182 1199 3248 horribiliter
1220 3183 1257 3247 in
1280 3183 1340 3250 hoc
1362 3187 1495 3253 nomine

439 3283 559 3351 idiota.
606 3285 732 3349 Dicunt
763 3284 851 3349 enim
880 3284 968 3369 quod
998 3284 1120 3349 dicitur
1142 3285 1185 3349 ab
1216 3284 1309 3365 idus,
1334 3286 1421 3372 quod
1444 3295 1496 3354 est

439 3387 567 3464 divisio,
590 3392 624 3452 et
650 3385 730 3465 loa,
747 3386 835 3471 quod
859 3392 909 3451 ost
930 3386 1027 3451 litera
1049 3386 1227 3472 alphabeti,
1251 3389 1345 3473 quasi
1368 3389 1495 3456 divisus

438 3511 459 3554 a
492 3488 596 3554 litoris
623 3492 658 3553 et
688 3488 885 3568 illiteratus3
915 3487 969 3552 vel
1002 3487 1045 3552 ab
1072 3487 1157 3554 idas
1187 3494 1221 3554 ot
1244 3496 1307 3567 ota,
1331 3490 1420 3576 quod
1443 3499 1494 3559 est

438 3590 534 3668 auris,
561 3590 654 3676 quasi
678 3589 804 3654 divisus
834 3589 877 3654 ab
900 3611 988 3669 aure,
1014 3589 1092 3675 quia
1115 3591 1204 3675 quod
1226 3593 1321 3656 audit
1346 3614 1413 3657 non
1440 3594 1492 3659 in·

438 3693 581 3778 telligit;
605 3692 658 3758 vel
682 3691 724 3757 ab
750 3691 846 3772 otkis,
864 3691 951 3777 quod
978 3697 1028 3756 est
1051 3713 1129 3771 mos,
1154 3696 1189 3758 et
1215 3693 1299 3774 idos,
1327 3696 1414 3780 quod
1441 3701 1493 3762 est

438 3796 617 3882 proprium,
658 3793 752 3879 quasi
790 3793 947 3878 ignorans
977 3815 1101 3858 morem
1144 3796 1283 3881 propriae
1321 3801 1418 3862 terrae
1458 3801 1493 3863 et

437 3898 552 3985 gentis.
599 3896 664 3962 Sed
695 3896 837 3961 absmda
860 3900 939 3960 sunt
968 3895 1039 3961 haec
1065 3900 1099 3960 et
1125 3895 1214 3962 falsa
1259 3897 1348 3962 Nam
1370 3898 1489 3965 idioa¹

439 4005 488 4064 est
504 3999 682 4086 proprium,
698 4020 719 4062 a
739 4019 804 4083 quo
824 3995 969 4076 idioma,
986 3997 1021 4060 id
1044 4002 1103 4078 est,
1119 3999 1301 4085 proprietas
1315 3999 1471 4086 loquendi

438 4106 472 4165 ot
502 4101 633 4180 idiotes,
661 4099 717 4184 qui
749 4099 892 4191 naturali
924 4121 1020 4163 sensu
1048 4105 1082 4164 ot
1115 4101 1248 4186 propria
1278 4101 1392 4187 lingua
1413 4124 1492 4168 oon-

437 4206 549 4266 tentus
572 4209 631 4280 est,
655 4207 689 4266 et
720 4200 766 4265 sia
789 4205 839 4266 ost
862 4199 984 4277 idiota,
1018 4201 1103 4266 sicut
1135 4203 1248 4267 scribit
1280 4202 1389 4268 Beda2‘
1415 4205 1488 4271 Aea

437 4308 562 4388 quarto.
609 4304 815 4390 Quapropter
838 4302 950 4369 idiota
972 4302 1092 4368 Latino
1124 4326 1212 4369 more
1235 4311 1412 4392 acceptum,
1440 4312 1491 4373 est

471 4663 569 4730 'idioaJ
583 4664 652 4726 idon,
664 4663 720 4714 MS.
733 4665 783 4714 and
794 4665 882 4715 below.
936 4661 942 4731 Ι
993 4666 1098 4732 ’Bada]
1112 4682 1135 4731 p.
1149 4669 1255 4729 95³,ed
1269 4669 1365 4735 iligna
1438 4675 1446 4683 “
