3586 5640
301 772 371 860 aa]
701 787 790 838 orus
811 787 971 838 raariuu
1317 779 1357 842 21

304 957 452 1024 exterius
489 961 725 1044 exspectatur;
758 957 844 1024 sicut
880 958 1010 1024 utilitas
1047 959 1164 1024 domus
1197 983 1264 1027 non
1301 985 1358 1051 ap-

306 1064 402 1147 paret
433 1060 470 1123 in
507 1081 553 1136 ec,
586 1080 647 1124 nec
678 1059 715 1123 in
748 1058 820 1145 ejus
851 1061 1092 1146 compositione,
1133 1064 1190 1126 sed
1227 1067 1358 1149 quando

305 1166 518 1247 tempestates
540 1162 689 1238 veniunt,
712 1166 747 1226 et
769 1161 920 1240 latrones,
952 1167 988 1226 et
1009 1168 1128 1228 caetera
1152 1164 1360 1232 incommoda

305 1262 545 1350 ingravescunt
607 1262 654 1327 Et
690 1261 764 1327 ideo
801 1262 887 1328 sicut
924 1262 1045 1348 aliquis
1078 1264 1232 1350 ignorans
1269 1269 1358 1334 utili-

300 1370 394 1430 tates
431 1364 555 1442 domus,
593 1365 708 1430 volens
746 1370 859 1429 tamen
906 1369 1034 1430 tentare
1072 1369 1112 1430 ut
1149 1365 1287 1433 fabricet
1324 1376 1359 1436 et

306 1473 488 1554 componat,
523 1467 590 1532 cito
634 1465 836 1552 gravabitur,
871 1472 907 1531 et
953 1466 1055 1531 taedio
1103 1466 1273 1546 afficietur,
1323 1478 1359 1537 et

306 1569 455 1636 dimittet
501 1589 592 1657 opus,
640 1575 714 1636 tum
761 1573 895 1656 propter
944 1589 1043 1656 opera
1091 1570 1236 1648 taediosa,
1285 1576 1358 1637 tum

306 1676 440 1758 proptor
483 1693 652 1759 expensas,
702 1677 775 1736 tum
827 1674 961 1757 propter
1008 1670 1096 1756 qnod
1142 1677 1276 1758 reputat
1321 1694 1355 1738 se

304 1778 435 1860 tempus
466 1774 617 1839 amittere
647 1772 878 1838 siutilitatem
901 1792 969 1838 non
991 1769 1195 1858 exspectat3¹
1236 1774 1283 1838 sic
1305 1777 1357 1839 est

305 1873 359 1940 hic
395 1875 484 1961 quod
520 1875 578 1940 isti
615 1873 673 1961 qui
710 1874 866 1961 ignorant
902 1873 1084 1939 utilitatem
1121 1874 1258 1960 alicujus
1294 1875 1355 1940 sci-

304 1975 413 2055 entiae,
448 1982 488 2042 ut
521 1977 567 2041 sit
599 1976 797 2063 geometriae,
825 1975 949 2056 statim,
980 1975 1043 2039 nisi
1073 1975 1141 2041 sint
1171 1976 1266 2061 pucn'
1298 1976 1356 2060 qui

305 2076 485 2164 coguntur'
506 2099 565 2165 per
584 2079 720 2164 virgam,
734 2075 887 2143 resiliunt
910 2081 945 2142 ct
966 2080 1147 2162 tepescunt,
1170 2082 1205 2142 ct
1226 2077 1357 2142 vixvo·

305 2177 381 2244 lunt
402 2183 470 2244 tres
483 2179 538 2244 vel
560 2183 702 2264 quatuor
723 2176 960 2265 propositiones
981 2177 1069 2242 scire
1108 2176 1208 2243 Unde
1230 2197 1273 2242 ex
1295 2178 1357 2243 hoc

306 2279 425 2345 accidit
469 2280 558 2365 quod
599 2279 718 2366 quinta
754 2277 934 2365 propositio
974 2279 1162 2365 geometriae
1208 2278 1356 2345 Euclidis

260 2459 262 2461 ¹
306 2378 446 2447 dicitur⁸
467 2379 622 2468 Elefaga,
645 2381 682 2447 id
705 2385 763 2460 est,
787 2381 867 2468 fuga
888 2380 1100 2462 miserorum3
1134 2379 1240 2467 alogia
1266 2381 1355 2446 enim

307 2481 420 2549 Graece
445 2482 574 2561 dicitur,
600 2482 716 2548 Latine
740 2480 903 2560 maluerim
930 2487 965 2547 et
989 2481 1073 2568 clegi
1095 2487 1175 2548 sunt
1199 2480 1341 2549 miae!

352 2584 398 2650 Et
419 2583 544 2672 igitur⁶
565 2584 709 2671 cogitavi
732 2583 768 2648 in
790 2583 992 2671 praeambulo
1023 2589 1168 2650 tractatu
1191 2584 1354 2650 utilitates
1367 2597 1512 2665 0000me

304 2685 517 2773 philosophie
539 2685 802 2772 praemitterent
824 2691 903 2751 tunc
925 2686 1078 2766 scientim,
1102 2708 1176 2772 quae
1198 2666 1465 2784 videnturffffi‘ffsse
1475 2733 1499 2786 b

305 2788 390 2852 nihil
412 2787 531 2869 valere,
554 2792 745 2873 quaerantur
774 2808 849 2851 cum
879 2787 1052 2872 diligentia
1073 2792 1108 2851 et
1129 2787 1263 2852 fervore.
1310 2787 1484 2878 Ettornoy·

305 2895 414 2955 certus
443 2909 517 2954 sum
547 2887 636 2974 quod
661 2888 757 2954 aliter
779 2910 846 2953 non
868 2892 919 2952 est
940 2888 997 2952 via
1019 2888 1062 2952 ad
1084 2887 1355 2953 considerandum
1366 2863 1421 2916 Μ
1430 2866 1522 2932 ”¹¹h‘5·

306 2991 459 3057 scientiae
489 2989 703 3078 philosophiae
734 2989 770 3054 in
801 2988 994 3075 particulari
1022 2992 1056 3053 et
1079 2989 1269 3074 inproprie
1291 2988 1355 3053 die-

306 3093 433 3180 ciplina.
473 3091 518 3158 Et
540 3091 614 3157 ideo
629 3091 687 3177 qui
708 3091 795 3155 hunc
818 3094 997 3154 tractatum
1017 3088 1254 3176 praeambulum
1276 3110 1355 3176 neg-

306 3193 390 3282 ligit,
414 3198 545 3281 oportet
575 3193 663 3278 qnod
692 3193 761 3279 ipse
784 3190 934 3278 desperet
956 3191 996 3256 de
1018 3194 1165 3256 tractatu
1196 3191 1356 3276 pleniori;

306 3301 437 3361 etcum
461 3316 500 3360 eo
518 3293 589 3379 jam
612 3315 680 3358 non
702 3298 753 3359 est
775 3293 1044 3380 agendumque
1068 3291 1162 3378 jam⁶
1183 3293 1247 3358 viis
1269 3293 1355 3380 sapi-

308 3397 485 3463 entialibua
512 3401 563 3462 eet
592 3395 729 3460 rebellis
777 3394 822 3459 Et
845 3395 906 3460 hoc
938 3393 1076 3481 probavi
1098 3417 1156 3481 per
1181 3390 1355 3482 'experien-

308 3497 391 3564 tiam
413 3498 450 3564 in
472 3497 586 3563 multis
608 3495 764 3583 personis,
792 3495 858 3581 qui,
885 3496 1034 3561 nolentes
1060 3496 1223 3562 utilitates
1253 3495 1356 3560 scion-

307 3598 448 3665 tiarnm’
472 3606 507 3666 et
528 3599 716 3687 linguarum
750 3598 856 3684 primo
889 3598 925 3662 in
947 3594 1110 3662 tractatu⁸
1142 3596 1356 3675 considerare,

308 3701 535 3790 aggredientes
557 3707 670 3767 tamen
692 3699 836 3766 laborem
866 3699 1012 3785 ipsarum
1035 3699 1254 3774 scientiarum,
1277 3697 1356 3763 defi-

340 4096 495 4165 ῑαιρκωι]
513 4103 647 4161 exspectet,
657 4095 688 4148 Τ.
857 4102 883 4146 ut
905 4093 1009 4161 proteri
1025 4093 1125 4146 emta
1153 4093 1194 4156 T..
1213 4095 1263 4146 and
1282 4095 1356 4148 omits
1389 4149 1391 4152 ,

338 4175 488 4244 noyento]
507 4182 636 4241 cogantur,
647 4175 677 4226 L
855 4174 923 4225 them
933 4174 1021 4225 below.

339 4255 459 4322 'dicim
478 4254 622 4314 dictauit
888 4253 995 4319 ἥρων]
1015 4252 1077 4314 ideo,
1088 4253 1119 4305 L.

339 4335 453 4402 Maian]
472 4333 567 4385 Etnon
583 4333 733 4386 estdubium
743 4332 804 4399 quin
888 4332 1040 4406 ‘qcmjaml
1056 4332 1107 4398 qui,
1123 4333 1153 4385 L
1173 4333 1287 4397 jumom.

306 4415 455 4481 quicunqne,
477 4419 694 4479 quantumcunque
716 4412 749 4462 sit
766 4426 811 4462 aa
888 4409 1024 4461 'utilitates
1044 4413 1211 4479 morum]
1238 4413 1353 4466 scientis·

305 4494 383 4559 piena,
403 4490 509 4543 resiliam
527 4506 543 4542 a
561 4491 642 4557 primo
664 4490 727 4541 libro
744 4503 804 4555 geo·
855 4489 1088 4553 mutilium

306 4571 409 4632 metria,
426 4569 475 4621 nisi
494 4568 569 4621 tonet
584 4570 638 4634 ejus
654 4569 804 4630 utilitatem
887 4570 983 4635 'prim
994 4571 1020 4622 in
1031 4572 1149 4638 omma]
1162 4572 1353 4637 inprimotrac-

306 4657 331 4702 ct
354 4649 390 4702 sic
414 4651 446 4702 dc
470 4648 586 4701 omnibu
610 4647 666 4702 dtr
688 4647 804 4709 scienda
854 4647 954 4710 tatum.
