3586 5640
311 801 350 895 1.]
688 818 776 872 orus
797 816 958 885 raurruu
1319 806 1357 871 11

305 993 415 1081 eligat,
443 994 497 1060 et'
525 995 611 1060 mala
636 995 767 1082 singula
790 997 978 1062 detestetur.
1033 994 1197 1062 Crcterurn
1222 996 1361 1060 studiosi

306 1119 375 1162 uon
401 1098 506 1163 solrun
537 1099 601 1163 sibi
631 1104 779 1185 prosunt,
810 1100 867 1164 sed
898 1099 1040 1165 ecclesia
1070 1100 1105 1163 in
1136 1099 1223 1163 omni
1255 1099 1361 1184 gradu

307 1200 456 1288 regendae
471 1201 699 1287 praeferuntur,
716 1207 750 1266 et
767 1202 950 1289 principum
965 1207 1105 1267 rectores
1120 1200 1236 1278 effecti,
1253 1207 1361 1265 totum

305 1303 425 1390 vulgus
451 1303 603 1390 dirigunt
624 1304 790 1383 laicorum,
813 1303 983 1370 haereticos
1003 1309 1038 1368 et
1058 1308 1193 1368 caeteros
1213 1303 1361 1368 infideles

305 1411 512 1485 convertunt,
546 1405 693 1492 dantque
723 1407 856 1471 consilia
887 1405 1086 1492 reprimendi
1113 1404 1297 1470 obstinatos
1327 1410 1361 1469 et

306 1507 351 1572 sd
370 1515 508 1574 mortem
533 1514 691 1574 retentam
715 1509 886 1594 praestitos.
933 1507 1021 1595 Ergo
1042 1507 1146 1573 totius
1161 1507 1276 1572 muudi
1295 1507 1361 1571 uti-

307 1611 385 1677 litas
408 1633 429 1676 a
450 1612 563 1677 studio
585 1611 756 1697 sapientire
779 1612 951 1697 dependet,
975 1616 1010 1675 et
1032 1633 1053 1674 a
1074 1631 1171 1674 sensu
1197 1609 1361 1674 contrario

306 1713 377 1800 ejus
392 1715 513 1779 damno
535 1715 679 1779 mundus
697 1713 910 1778 confunditur
932 1713 1111 1777 universus
1150 1711 1238 1775 Nam
1254 1712 1360 1797 qualis

306 1821 358 1882 est
379 1817 477 1883 homo
500 1816 537 1881 in
559 1815 672 1881 studio
694 1815 874 1902 sapientias,
889 1815 967 1881 talis
989 1821 1040 1880 est
1062 1815 1098 1879 in
1113 1815 1192 1879 vita
1237 1821 1255 1849 ¹⁴
1272 1814 1358 1894 Quo-

307 1925 326 1955 ⁴‘
349 1918 439 1983 niam
469 1918 591 1984 veritos
629 1919 713 1984 bene
751 1918 884 2004 cognita
920 1917 1103 1996 adamatur,
1137 1923 1172 1982 et
1208 1916 1360 2003 probatio

304 2022 532 2087 “dilectionis
556 2021 724 2086 exhibitio
747 2027 798 2085 est
820 2018 957 2106 operis‚'’
988 2025 1027 2084 ut
1053 2019 1135 2084 dicit
1159 2018 1360 2105 Gregorius.⁹

307 2125 353 2190 Et
367 2129 501 2211 propter
522 2123 584 2188 hoc
599 2124 747 2189 homiues
763 2122 859 2187 multi
882 2122 924 2188 de
944 2123 1055 2187 studio
1070 2128 1223 2208 corrupto
1237 2127 1361 2187 exeunt

305 2229 452 2313 corrupti
474 2228 510 2292 in
525 2227 603 2303 vito,
628 2231 663 2292 et
684 2248 759 2292 cum
780 2226 822 2290 ad
844 2225 990 2310 regimen
1014 2225 1155 2290 ecclesiia
1170 2229 1204 2290 et
1226 2225 1362 2290 consilia
1392 2231 1399 2244 '

306 2329 490 2416 principum
522 2336 557 2395 et
590 2330 694 2394 totius
724 2327 838 2415 populi
875 2328 1076 2414 delegantur,
1114 2327 1281 2415 corruptio
1311 2327 1360 2392 iu·
1424 2318 1429 2330 '

304 2431 402 2497 linita
428 2431 547 2498 accidit
574 2432 609 2496 in
636 2431 696 2496 hoc
723 2431 854 2507 mundo,
880 2435 920 2496 ut
943 2450 1003 2496 nec
1026 2431 1138 2496 fideles
1162 2430 1358 2518 dirigantur,

305 2541 346 2600 ut
375 2540 513 2620 oportet,
546 2535 581 2598 in
618 2533 692 2598 vita
721 2533 899 2598 secundum
937 2533 1136 2620 exigentiam
1175 2535 1261 2610 fldei,
1300 2556 1360 2599 nec

305 2638 453 2703 infideles
485 2638 528 2702 ad
566 2637 767 2723 agnitionem
797 2634 949 2702 veritatis
980 2637 1177 2703 Oluistia'nae
1215 2637 1359 2703 exciten-

307 2746 385 2806 tur:
426 2740 528 2805 immo
563 2739 667 2826 magis
704 2760 761 2826 per
798 2740 918 2802 malam
951 2739 1215 2804 Christianorum
1252 2741 1358 2805 vitam

305 2842 459 2910 scandala
495 2841 679 2907 ineffabilia
723 2841 904 2928 patiuntur,
936 2845 971 2905 et
1014 2865 1035 2906 a
1072 2841 1246 2907 dovotione
1283 2844 1360 2907 fidei
1480 2844 1485 2854 '

307 2945 512 3033 elongantur.

353 3047 447 3136 Opus
473 3051 585 3112 autem
606 3045 792 3133 injunctum
816 3065 890 3109 cum
914 3044 1004 3110 omni
1030 3043 1155 3111 virtute
1181 3060 1519 3134 exsequor-uaccam

306 3150 387 3216 dum
406 3147 577 3235 judicavi3
607 3172 685 3214 narn
715 3170 788 3213 cum
813 3146 985 3233 plenitudo
1007 3147 1181 3234 potestatis
1203 3171 1255 3214 me
1279 3150 1360 3237 lign-
1373 3127 1510 3243 &ss2:¹⁸1

306 3254 402 3332 verit,
434 3247 638 3318 dissimulare
662 3273 728 3315 non
752 3249 853 3314 valeo.
901 3248 1046 3330 Quodsi
1070 3257 1269 3338 praeceptum
1293 3274 1360 3318 non
1373 3257 1512 3322 therope’s

306 3355 443 3436 adesset,
459 3354 567 3420 adhuc
582 3359 715 3440 propter
730 3353 940 3439 apostolicum
957 3354 1173 3420 reverentiam
1197 3356 1361 3443 negligere
1373 3327 1512 3378 command

306 3459 468 3524 erubesco.
515 3458 616 3522 Porro
631 3457 702 3543 ipso
717 3478 776 3536 res,
793 3455 834 3520 de
855 3477 920 3542 qua
940 3457 1059 3542 agitur,
1078 3478 1152 3522 cum
1173 3458 1217 3523 sit
1236 3459 1360 3523 bonum

307 3561 485 3646 sapientise,
508 3565 625 3646 suapte
647 3563 768 3623 nutura
790 3558 914 3624 invitat
934 3557 1115 3644 quemlibet
1129 3560 1172 3625 ad
1193 3560 1361 3625 liberalem

307 3663 378 3748 ejus
408 3662 744 3728 communicationem.
802 3660 966 3739 Quoniam
991 3661 1127 3726 Boetius
1157 3663 1193 3725 in
1227 3663 1360 3748 prologo

308 3763 608 3851 Hypotheticorum
653 3760 949 3849 Syllogismorum,⁸
987 3763 1113 3829 dicitt'
1144 3764 1246 3828 “Etsi
1290 3765 1362 3850 ipsa

307 3876 326 3903 “
348 3867 529 3954 speculatio
544 3865 697 3933 veritatis
715 3887 776 3931 sua
790 3865 932 3950 quadam
947 3860 1055 3951 specie
1069 3865 1224 3932 sectanda
1239 3871 1298 3943 est,
1321 3867 1362 3932 fit

309 3976 326 4006 ¹⁸
351 3975 462 4036 tamen
484 3968 656 4034 amabilior
679 3991 753 4034 cum
769 3967 806 4031 in
828 3989 1001 4032 commuue
1016 3967 1208 4034 deducitur:
1233 3968 1362 4034 nullum

309 4080 327 4107 “
350 4073 438 4137 onim
453 4072 576 4138 bonum
592 4077 643 4136 est
665 4069 753 4156 quod
775 4091 841 4134 non
857 4069 1024 4155 pulchrius
1043 4068 1195 4135 elucescit
1217 4068 1245 4134 si
1260 4066 1361 4157 pluri-

310 4181 330 4212 “
354 4196 482 4241 morum
506 4174 628 4240 notitia
651 4170 907 4260 comprobetur.”
956 4172 1002 4238 Et
1025 4170 1167 4238 Seneca⁴
1188 4172 1274 4239 libro
1296 4174 1361 4261 pri-

309 4298 437 4345 morum
467 4277 680 4365 epistolarum
713 4298 825 4342 versus
855 4273 954 4340 finem
981 4274 1027 4341 sic
1056 4275 1243 4362 eloquitur:
1288 4286 1305 4312 “
1318 4277 1360 4342 In

308 4387 327 4417 ‘⁴
349 4382 411 4448 hoc
432 4378 562 4469 gaudeo
577 4378 708 4458 discere,
727 4380 769 4445 ut
787 4379 928 4446 doceam
974 4379 1045 4445 Nec
1066 4401 1120 4446 mo
1140 4377 1210 4446 ulla
1231 4400 1282 4447 res
1305 4379 1360 4447 de·

342 4601 398 4668 'etl
417 4612 466 4653 om.
479 4551 532 4651 'll'
892 4597 1127 4666 'reponsum
1154 4598 1359 4672 syllogismorum]

339 4683 351 4712 ¹
364 4680 511 4749 Gregorius]
537 4678 613 4731 Hom
627 4677 655 4730 ln
670 4676 768 4746 Enng.
780 4675 807 4730 ll.
859 4679 969 4743 Boetius,
980 4678 1093 4747 Hypom
1105 4679 1201 4748 Syllog.
1213 4681 1280 4734 circs
1291 4681 1345 4735 inu.

309 4766 350 4814 ro.
365 4759 410 4828 rr.
442 4760 495 4814 nc
511 4759 541 4813 n.
553 4758 634 4822 rau
649 4766 686 4812 ae
695 4758 809 4812 armen

893 4800 904 4832 ⁴
918 4798 1024 4867 Seneca]
1043 4798 1123 4866 apia
1135 4799 1168 4854 vl.

310 4857 398 4913 opem.
