3586 5640
439 776 482 838 20
810 782 937 836 aoearu
959 781 1105 836 alacrus
1401 767 1489 855 [aar

440 955 529 1021 Nam
565 955 695 1021 utilitas
732 952 946 1042 philosophiis
981 958 1033 1019 est
1062 958 1211 1041 respectu
1247 951 1430 1041 theologiae,
1456 955 1491 1018 et

440 1057 590 1135 ecclesiae,
615 1063 649 1123 at
678 1055 873 1142 reipublicae,
905 1060 940 1120 et
975 1054 1196 1120 conversionis
1232 1053 1425 1133 infidelium,
1457 1057 1492 1119 et

440 1158 679 1246 reprobationis
693 1179 815 1238 eorum,
832 1156 889 1242 qui
902 1156 1050 1222 converti
1065 1177 1133 1221 non
1154 1161 1297 1243 possunt
1343 1156 1390 1220 Et
1404 1160 1492 1221 certe

441 1261 494 1326 hae
517 1260 679 1326 utilitates
705 1265 785 1324 suut
806 1280 936 1346 magnae
962 1262 998 1324 et
1021 1258 1136 1323 multis
1158 1258 1265 1324 modis
1286 1258 1433 1337 variatae,
1456 1261 1492 1323 et

440 1361 516 1426 ideo
531 1361 684 1448 indigent
699 1365 845 1428 tractatu
860 1364 1011 1446 separato
1026 1381 1047 1425 a
1061 1359 1260 1426 tractatibus
1281 1359 1492 1427 scientiarum

441 1483 587 1550 proprus

488 1562 625 1644 Iterum,
650 1585 717 1629 non
743 1562 849 1628 solum
870 1567 921 1629 est
943 1561 1073 1627 utilitas
1098 1562 1165 1628 iste
1186 1563 1384 1651 quintuplex
1405 1562 1493 1629 radi-

443 1665 530 1741 calis,
556 1686 630 1751 quae
659 1665 761 1731 habet
786 1685 893 1730 ramos
917 1685 1009 1751 paene
1035 1663 1298 1744 innumerabiles,
1321 1665 1379 1730 sed
1406 1687 1494 1751 quae·

444 1766 528 1832 libet
552 1788 628 1853 pars
657 1766 873 1853 philosophiae
903 1770 955 1832 est
983 1765 1077 1830 utilis
1102 1771 1252 1852 respectu
1282 1767 1429 1847 alterius,
1453 1773 1494 1832 ut

443 1867 581 1955 praedixi
594 1893 603 1949 ;
625 1888 686 1932 nec
700 1856 809 1954 potest
823 1888 891 1932 uua
904 1867 976 1932 sine
990 1865 1057 1931 alia
1070 1864 1166 1931 sciri¹
1213 1867 1259 1932 Et
1280 1868 1351 1934 haec
1364 1868 1495 1933 utilitas

445 1975 496 2036 est
514 1968 689 2055 multiplex
711 1977 746 2034 et
767 1968 911 2054 magua,²
925 1973 960 2034 et
981 1968 1083 2034 habet
1098 1967 1307 2035 dffianeaaes
1329 1969 1438 2035 varias
1460 1976 1495 2035 et

447 2072 595 2160 grandes,
615 2075 749 2157 propter
771 2071 861 2157 quod
884 2074 1050 2138 tractatus
1075 2069 1257 2156 requiritur
1281 2071 1430 2159 specialis
1452 2072 1494 2137 de

447 2172 498 2241 his
512 2170 724 2240 utilitatibus

884 2525 964 2593 Gar.
987 2525 1046 2592 VI.

284 2717 430 2788 haser,
495 2719 566 2786 San
607 2715 686 2804 quia
721 2713 870 2781 homines
903 2715 1054 2781 nesciunt
1087 2713 1249 2780 utilitates
1274 2701 1494 2802 ¹philosophiae

282 2784 582 2918 amprimas,
604 2819 678 2885 ideo
705 2815 889 2903 despiciunt
910 2817 1033 2882 multas
1059 2815 1212 2882 scientias
1241 2817 1431 2905 magnificas
1461 2824 1496 2883 et

283 2916 423 3038 2⁸¹⁸stae
450 2919 689 3011 pulcherrimas,
716 2921 752 3008 et
782 2917 906 2998 dicunt,
930 2923 948 2952 “
959 2916 1049 2998 Quid
1071 2915 1161 2982 valet
1183 2916 1253 2983 haec
1274 2917 1418 2996 scientia,
1441 2919 1495 2983 vel

283 2999 471 3117 &how
492 3021 598 3090 illal”
624 3018 808 3096 deridendo,
831 3024 867 3084 et
887 3038 956 3085 nou
977 3023 1017 3084 ut
1045 3017 1224 3083 addiscant
1281 3017 1352 3087 Nec
1377 3021 1496 3087 volunt

283 3116 428 3251 Ἠώς
450 3124 640 3202 auscultare,
664 3125 698 3186 et
719 3125 852 3207 propter
873 3118 934 3186 hoo
956 3118 1137 3185 excludunt
1156 3119 1228 3185 illas
1251 3120 1402 3187 scientias
1417 3143 1438 3186 a
1452 3144 1495 3202 se,

420 3223 484 3294 'et
507 3225 723 3292 contemnunt
748 3243 810 3286 eas.
856 3219 1016 3287 Similiter
1047 3221 1087 3286 de
1113 3221 1315 3288 utilitatibus
1348 3224 1496 3289 secundis

448 3327 575 3395 accidit
621 3323 710 3390 Nam
725 3321 992 3410 philosophantes
1014 3323 1065 3389 his
1087 3323 1210 3400 diebus,
1227 3325 1359 3410 quando
1375 3325 1497 3392 dicitur

448 3429 496 3496 eis
520 3427 609 3514 quod
631 3424 736 3490 sciant
757 3423 1003 3510 perspectivam,
1030 3429 1089 3490 aut
1113 3427 1336 3512 geometriam,
1352 3432 1412 3494 aut
1433 3428 1495 3493 lin·

447 3552 538 3619 guas,
570 3532 605 3594 et
635 3526 700 3591 alia
732 3525 847 3602 multa,
878 3532 1033 3611 quaerunt
1069 3549 1143 3592 cum
1180 3528 1349 3609 derisione,
1374 3536 1394 3566 “
1407 3529 1496 3610 Quid

449 3638 469 3669 ‘⁴
490 3631 605 3697 valent
625 3625 748 3693 11ωοῖυ
785 3633 965 3693 asserentes
996 3629 1083 3713 quod
1117 3628 1251 3696 inutilia
1283 3636 1370 3697 suut.
1425 3631 1496 3696 Nec

447 3734 568 3800 volunt
595 3729 709 3796 audire
739 3749 921 3794 samonem
955 3729 996 3794 de
1027 3730 1194 3811 utilitate3
1226 3732 1278 3797 et³
1299 3733 1372 3798 ideo
1394 3733 1497 3818 negli-

445 3839 534 3922 gunt
575 3837 610 3897 et
654 3835 870 3896 contemnunt
914 3831 1066 3896 scientias
1113 3853 1193 3917 quas
1234 3833 1397 3920 ignorant.
1450 3834 1496 3898 Et

446 3933 625 4020 aliquando
644 3931 764 3996 accidit
787 3931 875 4017 quod
906 3931 1008 4018 aliqui
1035 3932 1149 3997 dicunt
1179 3955 1213 3998 se
1243 3934 1327 3998 velle
1356 3934 1498 3998 libenter

446 4037 529 4102 scire
553 4032 741 4118 hujusmodi
763 4032 915 4098 scientias
927 4058 936 4114 ;
970 4032 1028 4097 sed
1061 4032 1218 4098 deficiunt
1254 4033 1342 4098 infra
1377 4056 1497 4120 paucos

445 4138 526 4207 dien
555 4135 634 4221 quia
664 4154 732 4198 non
769 4132 888 4199 vident
924 4133 1105 4199 utilitatem
1128 4134 1257 4200 illarum
1280 4134 1496 4202 scientiarum.

447 4237 589 4305 Uatiena
626 4233 716 4301 euim
763 4233 919 4300 illarum⁴
955 4257 1022 4300 non
1066 4236 1212 4303 traditur
1260 4237 1295 4301 in
1341 4237 1396 4314 eis,
1440 4240 1497 4303 sed

498 4556 691 4624 ababa]
707 4557 941 4622 arridaeum.
1012 4562 1068 4628 ἐι]
1087 4578 1135 4613 om.
1149 4564 1179 4615 L
1193 4564 1225 4615 T.

477 4636 700 4704 anu-12
721 4637 755 4688 '1'-
1011 4639 1141 4708 ‘iaannJ
1158 4658 1250 4704 aarum,
1262 4644 1292 4695 T.
