3586 5640
787 783 873 834 orus
895 784 1012 835 uruca
1356 767 1422 834 333

374 974 427 1019 rna
449 954 620 1041 consessas
644 955 768 1042 suerit.
816 958 1024 1044 Quapropter
1047 957 1198 1021 damnari
1221 957 1320 1022 debet
1349 963 1422 1023 tex·

374 1061 428 1120 tus
450 1057 680 1122 modernorum
710 1059 746 1122 in
769 1059 849 1139 loco,
872 1066 907 1125 et
937 1060 1118 1144 antiquitas
1141 1059 1295 1124 revocari

420 1156 494 1222 Hoc
515 1159 620 1244 igitur
642 1161 838 1246 exemplum,
858 1183 933 1226 cum
955 1160 1037 1240 aliis,
1060 1182 1134 1245 quae
1156 1181 1242 1246 pono
1264 1160 1300 1224 in
1322 1158 1422 1226 tertia

374 1262 468 1342 parte
506 1260 621 1344 operis,
660 1266 695 1325 et
731 1262 767 1325 in
800 1267 927 1347 quarta,
966 1261 1025 1326 ubi
1057 1261 1098 1326 de
1125 1261 1334 1326 arithmetica
1366 1282 1422 1326 seu

374 1358 416 1423 de
448 1361 594 1425 numeris
626 1362 737 1448 agitur
759 1385 818 1449 per
840 1363 1118 1450 comparationem
1144 1363 1187 1427 ad
1218 1362 1422 1449 Scripturam

375 1459 542 1526 sufficiunt
593 1464 698 1541 modo,
751 1464 853 1529 donec
909 1463 1065 1551 dignetur
1109 1469 1220 1529 vestra
1264 1463 1423 1529 celsitudo

374 1561 540 1645 requirere
577 1565 806 1630 correctionem
829 1566 933 1631 totius
963 1570 1075 1630 textus
1113 1587 1186 1630 cum
1224 1569 1313 1631 certa
1349 1586 1423 1651 pro-

375 1662 509 1729 batione
545 1666 760 1732 ccrrectionis.
816 1667 904 1733 Nam
939 1667 974 1731 in
998 1667 1132 1732 ecclesia
1162 1667 1292 1731 habetis
1328 1665 1423 1732 vobis

375 1765 544 1850 subjectos,
590 1769 648 1853 qui
701 1768 826 1835 habent
870 1770 906 1834 in
960 1768 1022 1834 hac
1058 1790 1094 1834 re
1135 1768 1269 1856 plenum
1320 1789 1421 1854 posse,

375 1867 527 1951 quamvis
556 1870 750 1954 gravissima
788 1871 884 1957 [sint]
924 1875 1058 1956 propter
1102 1869 1351 1934 multitudinem
1388 1875 1423 1934 et

374 1967 630 2035 immensitatem
653 1970 814 2036 falsitatis.
860 1971 948 2035 Nam
972 1972 1056 2037 circa
1078 1971 1298 2057 quadrag'nta
1319 1992 1422 2036 annos

378 2071 485 2156 [sunt]
523 2071 621 2136 multi
655 2071 799 2158 theologi
833 2071 957 2136 infiniti
986 2077 1021 2137 et
1050 2072 1235 2138 stationarii
1281 2072 1423 2136 Parisiua

376 2194 491 2255 parurn
514 2172 664 2236 videntes
687 2173 748 2238 hoc
770 2179 1011 2258 proposuerunt
1032 2174 1206 2259 exemplar.
1253 2171 1318 2254 Qui
1348 2195 1422 2238 cum

375 2272 526 2336 illiterati
548 2272 671 2337 fuerint
693 2279 728 2337 et
750 2273 890 2351 uxorati,
915 2295 982 2338 non
1011 2280 1171 2352 curantes,
1204 2296 1264 2340 nec
1286 2275 1424 2342 scientes

376 2373 519 2457 cogitare
553 2372 594 2437 de
631 2374 772 2438 veritate
793 2374 917 2439 Textus
940 2374 1031 2440 Sacri
1054 2381 1293 2462 proposuemnt
1314 2399 1423 2442 exem-

376 2473 481 2559 plaria
502 2473 735 2539 vitiosissima¹
760 2479 795 2540 et
816 2475 987 2561 scriptores
1010 2476 1135 2542 infiniti
1157 2477 1357 2543 addiderunt
1380 2477 1422 2544 ad

376 2575 617 2660 corruptionem
650 2577 772 2642 multas
802 2578 1009 2643 mutationes
1055 2577 1185 2644 Deinde
1215 2581 1295 2644 novi
1332 2579 1423 2646 theo-

376 2676 443 2762 logi
465 2699 532 2742 non
554 2678 740 2744 habuerunt
771 2700 864 2765 posse
887 2679 1100 2744 examinandi
1123 2681 1345 2767 exemplaria3
1389 2687 1424 2746 et

375 2779 585 2844 crediderunt
607 2781 809 2845 stationariis
839 2780 1049 2866 aprincipio.
1104 2781 1171 2846 Sed
1202 2788 1315 2866 postea
1351 2802 1425 2847 ocu-

376 2881 602 2947 sideraverunt
624 2904 756 2959 errores,
781 2886 817 2946 et
838 2882 993 2957 desectus,
1010 2886 1044 2945 et
1059 2881 1224 2966 superflua
1246 2882 1294 2946 ibi
1319 2883 1426 2946 multa

377 3004 464 3047 esse:
504 2983 593 3047 unde
631 2983 753 3047 iterum
791 2985 981 3067 proponunt
1013 2979 1191 3045 immutare
1218 2986 1253 3045 et
1282 2982 1425 3045 maxime

376 3083 441 3147 duc
473 3083 612 3162 ordines,
647 3089 681 3148 et
712 3084 783 3168 jam
821 3083 1013 3168 inceperrmt
1050 3081 1218 3167 corrigere.
1273 3082 1318 3147 Et
1348 3083 1426 3168 quia

376 3190 476 3270 caput
512 3206 581 3248 non
618 3185 808 3248 habueruut
839 3183 981 3267 quilibet
1014 3183 1158 3248 correxit
1187 3183 1272 3249 sicut
1309 3185 1424 3264 voluit,

377 3306 479 3369 usque
510 3287 547 3348 in
581 3285 775 3349 hodiernum
805 3284 902 3348 diem·
964 3283 1010 3350 Et
1042 3306 1116 3350 cum
1150 3283 1273 3351 habent
1313 3308 1426 3352 sensus

377 3386 531 3462 diversos,
554 3386 673 3450 accidit
707 3390 802 3450 tanta
834 3385 1010 3451 diversitas
1043 3386 1079 3450 in
1107 3390 1206 3452 textu
1239 3388 1328 3473 quod
1359 3411 1426 3454 non

377 3494 427 3551 cst
449 3488 532 3552 finis.
578 3486 644 3553 Sed
668 3487 892 3573 Hieronymus
914 3487 995 3553 dicit
1017 3488 1060 3552 ad
1081 3488 1284 3568 Damasum,¹
1306 3491 1342 3555 in
1365 3491 1425 3556 lroo

377 3611 462 3666 casu,
486 3588 544 3652 ubi
567 3593 617 3652 est
641 3588 821 3665 diversitas,
845 3609 913 3653 non
939 3594 989 3654 est
1011 3588 1133 3654 veritas
1155 3595 1244 3655 nota

423 3691 510 3755 ltem
533 3690 611 3775 quia
641 3710 708 3754 non
737 3694 921 3774 sequuntur
950 3689 1105 3775 antiquas
1132 3692 1266 3768 Biblias,
1290 3697 1324 3757 et
1346 3693 1425 3778 quia

377 3793 532 3878 ignorant
555 3790 705 3856 Graecum
732 3795 767 3856 et
790 3791 978 3872 Hebraeum,
1003 3797 1133 3877 oportet
1158 3792 1247 3876 quod
1269 3793 1314 3857 sit
1336 3813 1425 3859 error

377 3894 534 3969 infinitus,
552 3892 632 3977 quia
653 3898 767 3958 textus
790 3913 811 3956 a
827 3891 941 3957 Graeco
964 3896 1000 3958 et
1023 3891 1166 3958 Hebraeo
1189 3893 1366 3972 descendit,
1389 3901 1425 3960 et

377 3996 418 4060 de
440 3995 562 4081 linguis
585 3994 637 4058 his
660 3992 760 4058 habet
782 3992 942 4058 vocabula
964 3993 1105 4059 infinita
1152 3993 1241 4059 Item
1262 4017 1425 4081 gramma·

375 4098 442 4162 tica
473 4094 632 4161 Prisciani
664 4095 700 4159 in
731 4095 848 4181 majori
886 4094 1054 4160 volumine
1086 4094 1230 4160 maxime
1260 4097 1351 4163 valet
1380 4099 1424 4164 ad

376 4199 608 4264 correctionem
642 4202 766 4263 textus.
814 4196 880 4262 Sed
918 4196 1063 4282 theologi
1094 4218 1161 4261 non
1198 4203 1343 4265 utuntur
1376 4222 1424 4283 ea,

377 4323 437 4366 nec
463 4302 650 4378 advertunt,
675 4301 754 4384 quia
778 4299 835 4386 qui
861 4304 940 4363 sunt
961 4298 1088 4364 artistae
1108 4298 1282 4387 negligunt
1304 4301 1425 4368 librum

412 4638 417 4667 ¹
432 4637 597 4702 vitiosissima]
616 4634 712 4694 vitiosa,
724 4634 809 4700 Hody.
899 4633 904 4702 Ι
937 4632 1108 4702 'Damasum
1127 4636 1366 4702 Ep.xviii.=142?
