3586 5640
452 765 514 828 150
817 774 945 827 noannr
969 775 1114 826 nicoms
1411 759 1472 849 [cr

451 959 469 984 “
493 959 646 1037 ternpore,
679 953 766 1037 qnod
797 959 847 1018 est
877 953 1032 1019 instans’'
1080 952 1163 1018 Haec
1192 959 1243 1018 est
1265 953 1506 1019 demonstratio

451 1053 648 1118 Aristotelis

284 1186 420 1237 Monunin
497 1154 584 1220 Item
614 1162 759 1244 arguunt
789 1157 876 1243 quod
906 1164 1015 1224 motus
1045 1161 1199 1223 causatur
1227 1180 1286 1246 per
1315 1157 1385 1238 hoo,
1418 1157 1507 1243 quod

283 1269 390 1332 ysenam
452 1258 597 1322 medinm
627 1259 663 1322 in
689 1265 782 1345 parte
808 1258 942 1338 resistit,
969 1266 1004 1326 et
1030 1260 1067 1324 in
1093 1264 1186 1346 parte
1209 1260 1305 1325 aedit.
1352 1259 1390 1325 si
1418 1260 1506 1325 enim

283 1328 421 1449 {imp
453 1360 558 1424 omnis
588 1360 755 1426 resisteret
777 1384 844 1427 non
875 1367 960 1428 esset
984 1366 1118 1442 motns3
1149 1361 1178 1426 si
1199 1361 1293 1426 nulla
1319 1362 1508 1428 resistentia

285 1456 428 1522 comingto
452 1467 538 1528 esset
560 1467 641 1528 tune
663 1467 757 1529 motu
780 1484 846 1528 non
870 1463 1042 1552 indigeret,
1066 1486 1126 1530 nee
1148 1468 1318 1551 tempore;
1349 1463 1436 1549 qnia,
1459 1486 1508 1529 se·

284 1536 360 1574 ⁵⁰³¹*
452 1562 596 1630 ermdnm
627 1565 714 1650 quod
744 1564 817 1652 plns
845 1566 898 1631 vel
927 1567 1037 1632 minus
1066 1565 1193 1633 resistit
1223 1565 1378 1646 medium,
1410 1565 1508 1631 eitius

452 1668 506 1733 vel
532 1668 661 1733 tardius
691 1675 844 1734 movetur
870 1691 986 1756 eorpus
1015 1669 1121 1750 ineo,
1148 1673 1189 1734 ut
1213 1667 1372 1734 videmus.
1419 1666 1508 1749 Qua·

452 1774 586 1857 propter
610 1791 684 1835 eum
715 1766 752 1835 in
781 1792 886 1837 vanno
910 1769 1002 1837 nulla
1031 1770 1220 1838 resistentia
1249 1774 1308 1849 est,
1340 1769 1419 1856 quia
1447 1791 1507 1836 nee

453 1872 550 1937 molle
578 1870 653 1939 nee¹
679 1872 809 1955 durum,
831 1896 899 1941 non
922 1875 1009 1940 enim
1032 1873 1134 1940 habet
1157 1874 1301 1959 aliquam
1323 1871 1506 1959 passionem

453 1975 648 2056 naturalem,
671 1974 783 2042 subito
821 1981 855 2042 et
885 1978 921 2042 in
951 1975 1093 2043 instanti
1122 1977 1217 2041 fieret
1245 1975 1364 2040 mobile
1395 1975 1431 2039 in
1469 1995 1507 2040 eo

452 2100 473 2142 a
502 2078 581 2144 ooelo
611 2077 648 2142 in
669 2083 798 2145 terram.
854 2078 920 2145 Sed
951 2078 1003 2145 hae
1032 2075 1200 2157 rationes,2
1229 2098 1297 2143 non
1326 2077 1507 2164 procedunt

452 2180 516 2246 nisi
546 2181 587 2246 de
617 2185 712 2247 motu
740 2181 894 2263 naturali,
918 2185 953 2248 et
983 2202 1050 2249 non
1080 2181 1121 2248 de
1150 2186 1243 2247 motu
1269 2179 1305 2246 in
1335 2178 1507 2246 communi.

453 2281 683 2369 intelligamus
712 2284 816 2370 igitur
846 2288 974 2350 motum
1011 2288 1090 2351 ante
1115 2284 1350 2372 proprietatem
1376 2288 1508 2347 natura-

452 2384 526 2460 lem,
554 2387 588 2449 et
622 2405 737 2470 eorpus
767 2385 804 2450 in
835 2386 1002 2452 communi
1040 2390 1218 2473 antequam
1246 2386 1308 2450 fiat
1336 2383 1507 2466 naturale;

453 2491 488 2550 et
514 2506 580 2550 non
606 2487 844 2553 consideremus
870 2489 1088 2576 proprietates
1114 2487 1281 2554 naturales
1306 2485 1397 2574 pleni
1409 2510 1417 2567 3
1447 2485 1508 2552 soi·

453 2586 531 2653 lieet
555 2587 753 2655 densitatem
784 2595 818 2656 et
842 2590 1022 2668 raritatem,
1047 2591 1225 2658 seeundum
1255 2610 1337 2677 quas
1360 2589 1509 2654 variatur

454 2694 564 2755 motus
603 2691 765 2757 naturalis
777 2691 808 2773 3⁸
849 2693 906 2760 sed
936 2693 1175 2760 consideremus
1204 2697 1337 2759 tanturn
1376 2689 1508 2777 quanti·

455 2797 559 2859 tatem
597 2794 707 2880 spatii,
738 2795 937 2862 abstractam
968 2818 989 2862 a
1018 2795 1261 2863 conditionibus
1291 2792 1506 2873 naturalibus,

287 2899 342 2953 The
351 2903 443 2984 fassaey
455 2899 496 2962 ut
510 2895 761 2983 mathematicus
785 2897 970 2965 considerat
985 2921 1079 2980 eam3
1103 2903 1184 2964 tune
1206 2896 1324 2962 falsum
1347 2901 1398 2962 est
1420 2894 1509 2982 quod

285 2970 426 3106 &affigo
457 2998 589 3080 dicitur,
621 3001 718 3066 vacui
755 3000 798 3066 ad
834 3001 969 3089 plenum
1006 3024 1072 3067 non
1112 3005 1163 3067 est
1200 2995 1376 3087 proportio.
1423 2995 1508 3078 Quia

456 3101 590 3189 plenum
613 3099 668 3169 hie
690 3102 850 3190 accipitur
872 3108 951 3170 ante
972 3102 1208 3191 proprietatem
1233 3099 1425 3167 naturalem.
1463 3097 1508 3164 Et

456 3210 542 3269 certe
568 3203 646 3269 lieet
672 3227 814 3270 vacuum
844 3211 879 3272 et
909 3205 1042 3294 plenum
1069 3205 1105 3270 in
1135 3204 1282 3270 naturali
1306 3202 1508 3291 proprietate

455 3326 523 3373 non
553 3308 804 3388 communicant,
836 3314 948 3375 tamen
979 3309 1223 3375 communicant
1252 3304 1288 3372 in
1318 3305 1508 3393 quantitate

456 3409 563 3497 spatii.
610 3407 699 3475 Nam
723 3416 832 3498 potest
854 3417 1033 3498 utrumque
1060 3410 1204 3498 spatium
1227 3407 1388 3497 distingui
1410 3429 1509 3496 penes

456 3513 571 3590 stadia,
603 3517 637 3578 et
667 3512 830 3592 milliaria,
862 3519 897 3580 et
927 3521 1060 3582 caeteras
1091 3535 1259 3580 mensuras
1289 3511 1508 3599 geometricas

457 3615 503 3680 Et
526 3614 573 3680 sic
599 3616 721 3702 poterit
746 3622 856 3683 motus
880 3617 916 3682 in
938 3640 1041 3684 vacuo
1067 3616 1140 3684 fieri
1162 3612 1198 3681 in
1222 3615 1332 3702 aliquo
1354 3620 1508 3700 ternpore,

456 3718 543 3804 quod
567 3717 688 3784 habeat
712 3719 958 3807 proportionem
983 3718 1025 3785 ad
1052 3724 1181 3807 tempus
1208 3722 1316 3784 motus
1346 3717 1381 3781 in
1404 3715 1508 3803 pleno.

456 3821 502 3886 Et
530 3826 663 3909 propter
683 3821 753 3902 hoe,
770 3823 822 3889 hae
847 3820 999 3902 rationes,
1016 3827 1051 3890 et
1075 3820 1265 3909 hujusmodi
1290 3818 1404 3884 multae
1429 3840 1510 3904 quas

456 3922 650 3990 Aristoteles
674 3924 764 4006 facit,
795 3948 863 3992 non
893 3931 971 3991 sunt
997 3924 1062 3991 nisi
1092 3925 1181 4011 quod
1210 3927 1320 3989 motus
1349 3920 1510 3986 naturalis

455 4048 521 4090 non
544 4031 655 4113 potest
677 4026 746 4092 fieri
772 4027 808 4091 in
831 4029 938 4115 spatio
954 4050 1064 4094 vaano.
1112 4027 1157 4091 Et
1176 4024 1249 4092 ideo
1269 4025 1325 4090 alii
1341 4022 1508 4090 aestimant

455 4127 543 4213 qnod
567 4132 676 4193 motus
700 4129 783 4193 bene
808 4135 916 4216 potest
946 4153 1015 4196 esse
1040 4129 1076 4193 in
1100 4151 1212 4207 vacuo,
1241 4124 1418 4194 dummodo
1441 4147 1509 4190 non

454 4227 660 4315 intelligatur
675 4233 784 4296 motus
800 4253 874 4297 eum
888 4230 1034 4298 naturali
1049 4232 1257 4320 proprietate.
1303 4230 1349 4295 Et
1363 4232 1509 4316 arguunt

457 4462 615 4469 ...μω-...-
620 4464 638 4469 -.

490 4608 564 4675 'ncc]
584 4625 633 4660 orn.
652 4608 683 4660 T.
1032 4617 1127 4665 'morsu
1185 4612 1318 4679 naturales]
1388 4610 1509 4662 nurmalis

487 4689 544 4738 ‘lu
555 4690 674 4754 rationes]
695 4687 803 4741 rationes
819 4689 868 4754 ha,
881 4691 911 4742 Τ.
992 4702 1083 4756 motus,
1101 4694 1132 4745 Τ.
