3586 5640
377 816 382 826 Ι
472 739 515 802 86
862 750 989 802 nouam
1013 751 1159 803 nicoma
1396 743 1401 748 ’
1428 741 1519 827 [oar.

469 927 656 1013 redigerent
675 926 722 991 ad
752 946 849 991 mum
875 927 1024 993 statum.¹
1072 927 1139 993 Sed
1160 927 1290 1012 juristae
1316 929 1439 1012 civiles,
1462 938 1522 998 aut

469 1028 614 1095 civiliter
629 1028 686 1113 jue
706 1029 898 1094 canonicum
917 1035 1107 1110 tractantes,
1121 1031 1286 1116 recipiunt
1303 1055 1392 1098 nunc
1412 1036 1523 1100 omnia

470 1132 559 1196 bona
580 1131 723 1196 ecclesiae
745 1135 780 1195 et
802 1132 1004 1217 provisiones
1026 1133 1211 1220 principum
1234 1140 1269 1200 et
1290 1138 1522 1222 praelatorum3

471 1234 522 1298 ita
546 1233 635 1318 quod
657 1233 716 1297 alii
744 1231 831 1298 uon²
857 1238 996 1320 poth
1022 1234 1100 1301 nec⁸
1123 1237 1236 1302 vivere
1258 1238 1295 1302 in
1320 1241 1439 1318 studio,
1463 1263 1524 1306 nec

471 1335 620 1400 studium
642 1333 813 1420 sapientiae
838 1357 1009 1416 exercere;
1039 1342 1075 1402 et
1100 1339 1281 1425 expediunt
1306 1362 1342 1407 se
1366 1343 1520 1421 breviter,

472 1443 533 1504 aut
562 1438 697 1503 omnino
727 1442 911 1516 transeunt,
942 1442 1012 1506 sine
1045 1441 1208 1527 sapientia
1245 1442 1458 1531 philosophiae
1487 1450 1523 1510 et

471 1540 656 1627 theologiae,
688 1542 731 1605 ad
760 1541 817 1627 jue
848 1543 952 1608 civile.
1002 1541 1074 1608 Neo
1103 1545 1201 1608 etiam
1234 1547 1376 1612 multum
1405 1553 1524 1613 curant

471 1645 513 1710 de
535 1643 689 1709 canonico
707 1644 793 1729 jure,
816 1644 882 1709 nisi
904 1648 1038 1731 propter
1059 1645 1199 1730 gloriam
1225 1649 1370 1714 scientiae
1397 1651 1523 1730 civilis;

417 1785 421 1792 ·
471 1750 507 1811 et
535 1746 582 1811 sio
610 1745 698 1832 perit
727 1750 837 1811 totum
867 1745 1014 1810 studium
1038 1744 1217 1829 sapientiae,
1244 1752 1279 1811 et
1302 1755 1413 1815 totum
1436 1754 1521 1839 regi-

472 1869 548 1914 men
575 1847 726 1927 eccleeiae,
754 1851 789 1911 et
814 1868 881 1932 pax
905 1845 946 1910 de
970 1848 1060 1909 terra
1089 1845 1229 1926 tollitur,
1254 1853 1289 1912 et
1307 1849 1444 1934 justitia
1467 1855 1522 1919 de-

471 1955 619 2037 negatur,
648 1955 682 2015 et
706 1949 816 2014 omnia
829 1947 924 2113 Imerla
946 1947 1149 2112 congnguut.

303 2052 462 2107 flumas
700 2052 876 2114 ''aa
944 2049 1398 2114 etominesaieissim
1475 2053 1522 2103 '-

303 2128 455 2254 ffiffiw
472 2052 838 2239 ueluird’vblgllbffisglbria
859 2070 920 2216 labb
942 2151 1155 2232 considerare,
1175 2071 1254 2238 quia
1268 2055 1362 2219 1iliius
1383 2053 1522 2239 pbtelltgia

307 2251 461 2308 ΝΜ
471 2257 652 2323 remedium
683 2253 843 2328 adhibere,
867 2273 906 2317 eo
935 2254 1024 2338 quod
1051 2275 1221 2341 nunquam
1250 2255 1315 2320 ibit
1344 2255 1436 2343 Papa
1464 2256 1522 2342 qui

303 2321 451 2440 :aalma
472 2360 521 2427 ita
557 2361 718 2425 veraciter
753 2357 852 2423 sciret
876 2357 932 2444 jus
960 2359 1046 2423 sicut
1080 2380 1139 2424 voe
1151 2383 1160 2440 3
1204 2381 1265 2426 neo
1298 2361 1395 2427 credo
1434 2363 1522 2448 quod

472 2463 536 2528 erit
547 2463 672 2548 aliquia
706 2461 752 2525 Et
769 2458 847 2524 licet
861 2458 963 2544 aliqui
978 2461 1086 2524 sciant
1104 2461 1188 2526 bene
1205 2460 1285 2547 jue‚⁴
1302 2465 1416 2529 tamen
1435 2462 1523 2529 non⁶

471 2570 522 2631 aa
541 2584 613 2649 spes
640 2563 680 2628 de
700 2563 747 2626 eis
767 2561 855 2648 quod
876 2561 962 2626 fiant
981 2560 1088 2647 Papae.
1134 2561 1201 2628 Sed
1218 2564 1450 2651 prophetatum
1473 2572 1524 2632 est

468 2687 490 2731 a
509 2664 729 2751 quadraginta
747 2662 851 2742 aunis,
873 2668 909 2728 et
923 2663 1102 2729 multorum
1125 2662 1268 2731 visiones
1290 2665 1414 2732 habitae
1434 2674 1521 2748 sunt,

468 2768 557 2855 quod
586 2787 673 2833 unus
703 2765 794 2854 Papa
823 2766 887 2832 erit
912 2765 965 2831 hie
988 2767 1190 2853 temporibus
1212 2768 1270 2854 qui
1291 2769 1448 2854 purgabit
1465 2769 1522 2853 jus

471 2871 663 2940 canonicum
686 2873 721 2935 et
743 2868 911 2935 ecclesim
935 2866 1000 2934 Dei
1023 2890 1044 2933 a
1063 2868 1327 2934 cavillationibus
1346 2874 1381 2934 et
1398 2870 1521 2935 fraudi-

470 2977 533 3041 bus
550 2975 755 3061 juristarum,
772 2977 807 3038 et
821 2972 880 3037 fiet
894 2971 1030 3058 justitia
1049 2970 1281 3037 universaliter
1295 2972 1365 3036 eine
1379 2973 1522 3059 strepitu

469 3078 547 3143 litis.
595 3077 640 3141 Et
670 3080 804 3162 propter
836 3073 933 3138 istius
965 3072 1064 3160 Papae
1094 3073 1288 3153 bonitatem,
1320 3074 1524 3154 veritatem‚⁰

469 3184 505 3244 et
530 3179 697 3262 justitiam
728 3177 863 3255 accidet,
886 3177 973 3260 quod
1004 3175 1111 3242 Graeci
1140 3180 1349 3241 revertentur
1374 3177 1417 3241 ad
1447 3178 1522 3242 obe-

469 3280 630 3344 dientiam
655 3279 813 3343 Romanae
836 3277 997 3358 Ecclesiae,
1024 3283 1059 3343 et
1080 3279 1168 3364 quod
1197 3300 1257 3365 pro
1286 3278 1403 3366 majori
1429 3285 1523 3367 parte

469 3384 704 3446 convertentur
718 3379 848 3443 Tartari
871 3379 913 3443 ed
931 3379 1039 3458 fidem,
1061 3387 1096 3446 et
1111 3380 1265 3446 Saraceni
1287 3382 1522 3460 destruentur3

469 3488 504 3549 et
526 3484 585 3547 fiet
607 3504 710 3546 unum
730 3481 816 3545 ovile
839 3485 873 3545 et
892 3502 978 3545 unus
998 3485 1119 3566 pastor,
1135 3483 1220 3548 sicut
1235 3483 1271 3547 in
1293 3485 1428 3549 auribus
1450 3507 1523 3571 pro

470 3585 580 3672 phetae
604 3584 716 3648 sonuit
740 3580 847 3648 istud⁷
873 3583 1020 3647 verbum.
1075 3583 1122 3648 Et
1151 3605 1238 3649 unua
1262 3587 1319 3671 qui
1342 3587 1430 3651 vidit
1453 3587 1522 3650 haec
1552 3602 1555 3607 ’

469 3709 529 3774 per
551 3686 786 3751 revelationem
812 3685 908 3765 dixit,
932 3687 967 3750 et
991 3683 1073 3750 dicit
1095 3687 1184 3770 quod
1206 3686 1276 3773 ipse
1299 3688 1429 3753 videbit
1452 3687 1521 3750 haec

471 3787 647 3874 magnifica
668 3788 740 3851 fieri
763 3787 966 3873 temporibus
988 3787 1061 3850 suis.
1108 3787 1154 3852 Et
1176 3793 1265 3852 certe
1287 3788 1373 3852 infre
1397 3808 1520 3851 aunum

468 3911 572 3955 unum
603 3894 736 3975 possent
759 3889 831 3953 fieri
858 3889 886 3953 ai
912 3890 984 3955 Deo
1008 3889 1167 3975 placuerit
1193 3895 1228 3954 et
1252 3909 1381 3953 summo
1407 3887 1520 3952 Ponti·

469 3991 533 4068 fici,
562 3996 597 4056 et
620 3992 707 4055 infra
732 3993 860 4056 minua:
893 3992 982 4057 unde
1008 3990 1211 4077 temporibus
1240 3991 1359 4055 vestris
1384 3995 1520 4075 possunt

468 4092 548 4159 fieri
604 4094 650 4158 Et
674 4093 764 4158 Deua
791 4098 964 4160 conservat
987 4093 1093 4158 vitam
1119 4095 1265 4156 vestram
1294 4096 1334 4155 ut
1363 4091 1434 4156 haec
1463 4113 1521 4180 per

504 4391 961 4462 immantatummumffs.
1055 4385 1459 4451 ’mammaJnonumcum

505 4480 587 4548 ιη]
605 4496 659 4541 nac,
676 4478 707 4528 Τ,
1055 4478 1212 4543 ‘vesum
1232 4485 1258 4528 et
1272 4478 1411 4539 veritatem,
1428 4478 1468 4541 T„

506 4560 584 4628 tm]
598 4576 647 4613 m
663 4559 693 4611 Τ,
1023 4555 1147 4616 virtutem,
1159 4557 1187 4607 L

510 4638 968 4708 ⁴oteatwr....tmju]0u.T.
1054 4648 1152 4715 ἵιἐιυᾰ]
1170 4648 1240 4710 illud,
1257 4650 1287 4701 Τ.
