3586 5640
282 2318 424 2383 Ignorancc

284 2386 314 2433 of
322 2385 364 2433 the

283 2450 365 2500 Latin.

444 783 508 845 354
822 791 950 842 noosnr
971 790 1117 841 escorus

439 955 540 1042 placo
564 955 621 1037 ibi,
645 959 679 1020 et
710 955 884 1021 constitnit
908 955 1104 1020 cuniculum.
1150 954 1196 1019 Et
1218 954 1425 1043 chirogrillus
1447 959 1500 1021 eet

444 1059 605 1138 Graccum,
637 1058 726 1143 quod
757 1058 876 1122 Latine
907 1058 1075 1123 cuniculus
1106 1057 1235 1123 dicitur.
1283 1059 1330 1123 Et
1360 1058 1500 1123 Provin-

444 1162 552 1241 cialcs,
577 1184 614 1226 ac
645 1161 831 1240 tholosani,
859 1168 893 1225 et
924 1161 1039 1225 rnultae
1068 1161 1219 1225 nationes
1251 1161 1380 1227 Latinus
1410 1160 1503 1225 cuni·

444 1264 555 1328 culum
571 1269 692 1328 vocant
707 1263 937 1350 chirogrillum,
955 1263 1031 1327 licet
1054 1264 1090 1326 in
1113 1264 1313 1349 aspiratione
1335 1263 1501 1329 deficiunt.

447 1366 563 1431 Glossa
599 1366 710 1451 igitur,
742 1387 815 1450 quae
845 1365 927 1429 dicit
957 1365 1045 1449 quod
1069 1366 1275 1452 chirogrillus
1299 1370 1350 1432 est
1377 1364 1504 1431 animal

446 1469 622 1553 spinosum,
654 1475 688 1533 et
724 1490 838 1555 rapax,
870 1472 905 1533 et
938 1467 1152 1547 mortiferum,
1184 1469 1270 1533 male
1299 1469 1388 1535 dicit.
1434 1468 1502 1535 Sed

447 1571 585 1657 pessime
615 1571 738 1650 dicunt,
766 1571 825 1655 qui
854 1575 983 1656 ponunt
1013 1570 1066 1635 hic
1092 1571 1237 1657 quinque
1262 1571 1432 1658 opiniones
1461 1570 1503 1635 de

448 1672 642 1759 chirogrillo,
673 1674 757 1737 sinit
787 1672 915 1757 publice
946 1672 1068 1737 dicitur
1098 1672 1244 1738 Parisios
1274 1695 1349 1739 curn
1382 1673 1504 1759 legitur

449 1774 520 1840 Lex
550 1774 668 1860 Moysi,
696 1779 735 1839 ut
765 1774 904 1861 propriis
933 1775 1069 1839 auribus
1095 1775 1245 1860 percepi;
1272 1780 1307 1839 et
1332 1796 1392 1861 ego
1422 1780 1504 1839 tunc

448 1878 520 1942 dixi
542 1878 657 1943 lectori
680 1877 769 1962 qnod
793 1883 935 1963 quatuor
958 1878 1090 1941 illarum
1114 1881 1210 1942 erant
1231 1876 1329 1957 solere,
1353 1898 1391 1943 co
1414 1876 1504 1963 quod

448 1980 653 2067 chirogrillus
672 2002 740 2045 non
754 1984 863 2066 potest
884 2000 952 2044 esse
967 1980 1031 2043 nisi
1051 1979 1174 2043 animal
1193 1980 1292 2045 unius
1311 1980 1430 2068 speciei
1440 2003 1450 2059 ;
1470 1983 1505 2045 et

449 2105 561 2149 omnes
584 2088 681 2149 erant
696 2084 794 2162 salsae,
812 2083 890 2167 quia
907 2082 998 2147 nulle
1020 2105 1132 2148 earum
1147 2083 1259 2169 posuit
1281 2082 1505 2170 chirogrillum

449 2186 645 2253 cuniculum.

495 2291 573 2353 Non
607 2310 739 2375 possum
772 2288 826 2352 hic
859 2287 1077 2373 multiplicare
1111 2287 1261 2374 exempla
1286 2292 1425 2373 propter
1452 2308 1505 2351 uc·

452 2392 680 2456 celerationem
702 2390 837 2475 negotii,
854 2390 984 2474 etquis
1003 2394 1113 2454 totum
1138 2389 1226 2475 quod
1249 2396 1369 2456 vcstrae
1391 2388 1506 2477 gloriae

452 2494 551 2557 mitto
592 2497 643 2557 est
675 2492 826 2577 quaedam
860 2492 1025 2577 persuasio
1056 2491 1298 2578 praegustande,
1325 2513 1429 2577 usque
1462 2490 1507 2557 ed

452 2595 611 2681 scriptum
635 2593 823 2681 principale,
847 2593 883 2657 in
910 2616 975 2679 quo
1001 2594 1111 2659 decem
1137 2594 1282 2680 septerni
1303 2594 1418 2681 magni
1441 2615 1510 2659 non

450 2698 660 2763 continerent
686 2695 837 2779 exemplo
866 2717 1014 2759 errorum
1043 2697 1080 2760 in
1103 2717 1202 2761 sensu
1230 2696 1361 2774 literali,
1385 2702 1421 2762 et
1449 2718 1509 2783 per

451 2822 650 2886 consequens
673 2800 709 2863 in
734 2798 907 2884 spirituali,
931 2803 1066 2884 propter
1095 2799 1319 2885 ignorantiam
1342 2798 1450 2865 Gncci
1472 2804 1508 2865 ct

453 2904 597 2969 Hebraei.
644 2902 710 2967 Sed
736 2923 805 2964 non
831 2901 936 2965 solum
954 2906 1087 2987 propter
1117 2901 1178 2966 hoc
1204 2906 1335 2966 erretur
1363 2900 1509 2966 multum

455 3007 492 3071 in
521 3008 573 3070 his
607 3005 765 3083 sensibus,
796 3004 854 3068 sed
881 3005 982 3068 etiam
1012 3010 1147 3090 proptor
1169 3004 1329 3069 vocabula
1369 3003 1511 3085 Latina3

455 3132 533 3173 nam
564 3109 600 3171 in
630 3108 780 3194 Epistola
811 3106 1018 3191 Hieronymi,
1052 3128 1126 3191 quaa
1158 3128 1246 3171 nunc
1276 3111 1316 3171 ut
1349 3106 1511 3191 Prologus

455 3211 660 3298 praeponitm·
691 3209 871 3294 exemplari
893 3209 1040 3295 vulgato,
1070 3215 1104 3274 et
1133 3209 1255 3296 legitur
1287 3231 1361 3274 cum
1390 3208 1509 3287 Biblio,

453 3316 496 3376 fit
525 3313 649 3376 mentio
673 3314 713 3376 de
743 3333 856 3375 mensa
878 3312 964 3389 solis,
992 3333 1091 3396 quam
1115 3314 1317 3397 expositores
1342 3313 1511 3377 aestimant

455 3437 524 3479 esse
547 3437 648 3478 unam
671 3414 820 3478 tabulam
843 3436 977 3478 auream
999 3416 1169 3479 inventam
1196 3416 1233 3478 in
1256 3416 1341 3478 mari
1363 3438 1384 3479 e
1406 3415 1509 3501 pisim-

455 3518 590 3595 toribus,
615 3518 654 3580 de
677 3539 743 3601 qua
765 3517 880 3580 scribit
904 3516 1054 3581 Valerius
1078 3516 1245 3581 Maximus
1267 3517 1352 3581 libro
1375 3524 1494 3602 quarto
1500 3542 1510 3599 3

456 3643 556 3708 quarn
589 3621 777 3684 inventores
815 3620 975 3682 miserunt
1007 3620 1155 3706 Apollini
1188 3620 1224 3683 in
1257 3619 1359 3684 Delos
1392 3619 1510 3700 insula,

458 3732 493 3789 et
525 3723 748 3809 quaesiverunt
782 3722 834 3786 cui
866 3722 1008 3785 daretur.
1060 3722 1133 3801 Quo
1164 3722 1389 3809 respondente,
1421 3721 1511 3807 quod

457 3827 588 3891 Thaleti
607 3825 745 3901 llilesi0,
762 3824 819 3909 qui
840 3823 904 3887 fuit
924 3824 1050 3909 primus
1073 3825 1113 3889 de
1135 3824 1268 3911 Septem
1290 3824 1511 3911 Sapientibus,

457 3930 513 3993 ille
536 3935 670 4015 propter
692 3927 913 3991 humilitatem
938 3948 1098 4008 recusans,
1123 3927 1215 3991 misit
1241 3927 1337 3991 elteri
1367 3926 1408 3990 de
1439 3948 1510 4013 sep-

458 4038 536 4112 tem,
564 4036 598 4096 ct
631 4030 791 4096 secmrdus
821 4030 929 4109 tertio,
953 4052 1055 4115 usque
1086 4030 1237 4095 Solonem
1263 4030 1512 4111 Atheniensem,

459 4136 517 4220 qui
539 4135 722 4199 transmisit
744 4132 901 4219 Apollini.
948 4132 1044 4197 Certe
1067 4134 1136 4197 lraee
1158 4155 1270 4198 mensa
1292 4154 1359 4198 non
1381 4138 1432 4197 est
1453 4132 1514 4197 illa

459 4240 499 4302 de
530 4259 596 4321 qua
618 4238 765 4322 loquitur
788 4237 1013 4319 Hieronymus
1036 4238 1072 4299 in
1098 4236 1237 4322 epistola
1258 4236 1420 4322 praedicto,
1451 4257 1513 4301 nec

459 4340 601 4403 sumitur
624 4341 666 4403 ad
687 4341 818 4403 literam
840 4339 877 4401 in
899 4339 1031 4424 propria
1052 4340 1257 4425 figuratione,
1281 4338 1339 4403 sed
1361 4339 1397 4401 in
1419 4342 1512 4402 tran-

459 4443 608 4527 sumptis.
655 4441 744 4505 Nam
766 4463 879 4506 mensu
902 4442 977 4505 solis
1000 4448 1050 4506 est
1072 4442 1125 4505 hic
1145 4442 1244 4528 plaga
1269 4441 1453 4506 meridiano
1474 4442 1512 4505 in

459 4568 525 4634 qua
540 4545 642 4609 currit
664 4546 720 4609 sol.
769 4546 866 4610 Hanc
884 4547 972 4609 enim
995 4553 1124 4633 pmtcm
1147 4545 1311 4610 vocabunt
1325 4544 1511 4631 philosophi

458 4674 605 4719 mensam
637 4650 721 4730 solis,
757 4651 837 4737 quia
870 4674 997 4740 semper
1029 4657 1080 4717 cst
1109 4651 1152 4715 ad
1183 4651 1362 4715 meridiem.
1410 4647 1513 4713 Unde
