3586 5640
463 772 507 844 76
834 787 963 838 nouam
986 784 1132 839 mooms
1421 776 1511 864 [oar.

459 960 612 1027 omnibus
633 961 681 1027 sio
701 962 756 1042 sit,
780 961 844 1028 erit
868 961 919 1027 ita
942 982 964 1026 a
989 966 1083 1048 parte
1112 959 1233 1028 animae
1264 967 1299 1027 et
1328 962 1365 1027 in
1395 984 1510 1049 opera-

459 1062 550 1129 tione
573 1063 788 1152 intelligendi.
834 1062 935 1129 Unde
959 1067 1090 1150 oportet
1116 1064 1206 1150 quod
1230 1064 1342 1129 anima
1364 1062 1511 1130 humana

459 1163 504 1230 sit
539 1171 621 1232 nata
657 1165 800 1253 recipere
828 1164 1088 1231 illuminationes
1117 1166 1160 1231 ab
1190 1171 1318 1252 agente,
1354 1171 1388 1230 et
1420 1166 1510 1252 quod

459 1266 593 1354 aliquod
621 1289 722 1355 agens
754 1267 792 1332 in
828 1265 974 1331 animam
1007 1267 1211 1347 concedatur,
1235 1267 1293 1354 qui
1323 1266 1508 1335 illuminet¹

458 1388 532 1433 eam
561 1391 620 1456 per
657 1369 823 1455 quoddam
852 1367 964 1434 lumen
993 1367 1173 1454 spirituale,
1208 1368 1295 1435 siout
1331 1368 1392 1434 lux
1430 1369 1508 1435 solis

457 1469 576 1537 visum.
622 1469 705 1537 Haeo
722 1475 772 1536 est
791 1469 934 1536 intentio
957 1470 1146 1537 Aristotelia
1166 1470 1203 1536 in
1224 1471 1333 1558 prima
1354 1477 1449 1558 parte
1472 1477 1508 1537 et

458 1571 496 1636 in
532 1570 693 1660 principio
727 1571 872 1659 eapituli
927 1571 994 1638 Sed
1030 1572 1078 1637 ibi
1116 1573 1315 1640 translatum
1353 1579 1404 1640 est
1441 1574 1507 1641 sio:

458 1672 666 1755 “Quoniam
694 1679 808 1741 autem
837 1674 874 1739 in
903 1674 994 1740 omni
1024 1679 1145 1740 natura
1174 1681 1225 1741 est
1255 1675 1383 1762 aliquid
1419 1676 1509 1762 quod

458 1781 477 1810 “
498 1781 585 1862 agat,
610 1780 645 1842 et
665 1773 793 1864 aliquid
817 1775 905 1863 quod
931 1775 1088 1864 patiatur,
1114 1777 1164 1843 ita
1189 1777 1254 1843 erit
1283 1777 1320 1843 in
1350 1775 1510 1843 anima’'¹

456 1875 511 1942 Ex
539 1877 601 1944 hoe
630 1877 829 1946 concludunt
859 1879 948 1966 quod
977 1900 1078 1967 agens
1107 1884 1142 1946 et
1178 1878 1309 1966 patiens
1342 1886 1442 1946 erunt
1469 1879 1508 1945 in

455 1978 576 2058 anima,
599 1982 635 2046 et
653 1979 742 2066 quod
764 1981 834 2047 sint
857 1980 932 2048 dum
955 1987 1066 2068 partes
1089 1980 1229 2064 animae3
1261 1981 1351 2068 quod
1374 1985 1426 2048 est
1445 1981 1508 2046 im-

455 2081 611 2169 possibile
632 2087 668 2148 et
690 2086 805 2149 eontra
828 2081 1042 2150 Aristotelem
1065 2083 1199 2151 ibidem
1244 2082 1334 2150 Nam
1357 2085 1508 2171 exempla

457 2183 625 2251 declarant
654 2183 743 2272 quod
768 2205 836 2251 non
858 2185 935 2252 vult
961 2186 1067 2253 dioere
1091 2185 1158 2253 nisi
1184 2187 1274 2274 quod
1306 2187 1373 2253 duo
1398 2186 1510 2273 requi·

457 2291 579 2353 runtur
604 2285 647 2353 ed
667 2287 890 2373 operationem
914 2287 1043 2366 animae,
1067 2287 1153 2355 sieut
1176 2290 1220 2355 ad
1243 2311 1373 2356 omnem
1397 2311 1509 2377 opera

320 2466 322 2471 Ι
456 2387 583 2454 tionem
612 2393 741 2456 naturae
764 2394 800 2455 et
825 2390 915 2455 artis.
961 2389 1062 2456 Unde
1082 2389 1171 2476 quod
1194 2391 1276 2458 dicit
1297 2393 1374 2458 “sio
1400 2397 1451 2457 est
1472 2391 1508 2458 in

366 2544 369 2552 .
456 2495 477 2527 “
498 2487 640 2568 anima,”
670 2486 817 2558 intendit
848 2490 937 2578 quod
959 2490 1005 2557 sie
1028 2491 1139 2557 estin
1166 2493 1355 2579 operatione
1377 2494 1507 2570 animae,

439 2592 634 2676 *seeundum
654 2593 743 2681 quod
765 2591 985 2682 exemplificat
1006 2591 1125 2670 dioens,
1143 2599 1212 2659 “ut
1229 2595 1353 2660 artifex
1374 2595 1419 2660 ed
1440 2617 1509 2660 ma

457 2701 478 2734 “
499 2694 626 2774 terium,
654 2701 689 2764 et
723 2695 784 2764 lux
808 2695 852 2762 ad
885 2692 1036 2763 oolores.'’
1075 2691 1173 2762 Certe
1208 2702 1419 2784 carpentator
1456 2702 1507 2762 est

457 2802 555 2866 extra
574 2799 749 2866 materiam
764 2799 943 2868 seeundum
959 2818 1054 2864 suam
1074 2796 1259 2879 essentiam,
1275 2803 1310 2864 et
1324 2819 1391 2865 non
1405 2797 1509 2864 sunt³

459 2901 581 2968 artifex
614 2905 650 2968 et
679 2900 821 2968 materia
845 2905 957 2989 partes
983 2897 1142 2986 ejusdem⁴
1168 2898 1225 2978 rei,
1253 2921 1313 2966 neo
1342 2899 1402 2965 lux
1432 2899 1509 2965 solis

459 3008 495 3072 et
524 3003 611 3071 color
634 3024 734 3090 quem
757 3000 934 3070 illuminat
1007 3001 1054 3068 Et
1076 3005 1238 3090 praeterea
1266 3023 1380 3068 versus
1409 3002 1510 3068 finem

459 3104 598 3194 ospituli
628 3105 725 3173 dooet
755 3106 845 3192 quod
874 3103 1061 3171 intellectus
1091 3125 1192 3192 agens
1215 3109 1267 3170 est
1291 3109 1461 3191 separatus
1488 3127 1512 3170 a

459 3207 607 3296 possibili
629 3208 808 3275 seeundum
834 3205 1056 3273 substantiam
1082 3210 1118 3271 et
1143 3206 1321 3272 seeundum
1346 3227 1423 3286 esse,
1455 3203 1512 3272 et⁵

459 3310 549 3399 qnod
571 3310 682 3376 anima
708 3310 780 3389 soit,
807 3313 842 3376 et
864 3329 993 3395 semper
1014 3303 1083 3374 est⁶
1112 3307 1149 3373 in
1168 3313 1267 3388 eotu3
1290 3311 1324 3374 et
1352 3307 1414 3374 hoo
1442 3331 1510 3374 non

458 3417 511 3479 est
537 3415 695 3493 ereatura,
719 3412 776 3479 sed
803 3411 892 3477 solus
917 3410 1016 3476 Deus.
1062 3408 1108 3476 Et
1131 3410 1193 3476 hoo
1218 3432 1277 3496 per
1296 3409 1511 3490 Avioennam,

459 3520 495 3582 et
518 3513 767 3602 Alpharabium,
791 3519 827 3581 et
853 3513 976 3579 multas
1004 3511 1148 3579 rationes
1173 3512 1286 3601 probo,
1313 3513 1432 3600 quibus
1460 3536 1511 3580 re-

460 3615 613 3705 sponderi
642 3637 710 3682 non
738 3619 856 3705 potest
901 3614 949 3680 Et
975 3613 1057 3694 ideo,
1080 3613 1159 3680 lieet
1175 3615 1349 3682 translatio
1374 3615 1423 3681 ibi
1444 3638 1512 3682 non

457 3719 506 3787 sit
530 3718 580 3786 ita
603 3719 703 3808 plana
727 3720 814 3786 siout
838 3737 968 3785 neeesse
994 3720 1087 3794 esset,
1115 3721 1228 3783 tamen
1254 3722 1347 3806 patet
1369 3739 1427 3807 per
1453 3740 1510 3784 ex-

491 4066 640 4135 ιω]
657 4063 790 4126 mmm
806 4061 838 4113 Β,
1011 4058 1038 4107 dr
1048 4059 1080 4125 τῇ
1090 4061 1158 4124 ψυχῇ
1172 4059 1287 4124 ὑπάρχω
1296 4059 1386 4110 ratres
1401 4060 1445 4111 τὰς
1462 4062 1511 4110 δια-

491 4144 649 4214 ἱὸιὴι]
666 4144 723 4196 The
735 4141 864 4208 following
879 4138 902 4191 is
917 4139 961 4192 the
1010 4136 1167 4201 §opta-De
1182 4139 1282 4200 Anima,
1293 4139 1329 4191 iii.
1341 4145 1365 4191 ⁵.
1376 4139 1392 4206 ξ
1403 4145 1425 4192 1.

458 4222 795 4296 ”hammon
813 4219 961 4286 apparently
1043 4217 1132 4284 ’unq
1155 4233 1204 4269 om.
1215 4218 1245 4271 T.
1280 4219 1355 4283 Quod
1374 4219 1513 4271 intellectus

458 4305 562 4360 *a
584 4302 650 4355 'M
664 4302 775 4364 Νσιιρ
791 4301 817 4349 fv
835 4297 914 4365 aaa„
928 4301 961 4364 τῇ
1010 4312 1086 4361 agens
1127 4297 1161 4348 sit
1202 4299 1271 4349 Dens
1315 4299 1356 4351 vel
1388 4299 1512 4365 Angelus,

458 4382 537 4444 ἡ
555 4382 611 4437 Ν
629 4399 664 4445 vs,
684 4380 713 4430 νδ
733 4379 778 4440 μὲν
799 4378 845 4436 tu,
867 4377 960 4441 dudm
1009 4377 1099 4440 probat
1136 4392 1180 4442 per
1206 4385 1285 4429 totum
1320 4379 1512 4445 paginam-T.

459 4462 539 4529 *a*
562 4460 679 4515 athe&
702 4455 844 4518 annena,
866 4455 960 4516 emt
1009 4455 1126 4522 inmurg.

463 4533 878 4605 &hammoni
894 4551 961 4593 torp·
1043 4533 1305 4601 ‘ejusdenhjuaii

467 4611 960 4687 *vetamentum
1043 4614 1212 4680 ³etJom.B.

469 4689 962 4765 §Qash-emmanuel
1043 4693 1203 4760 ‘atJet'u
