3586 5640
454 784 498 848 16
839 795 968 848 aoonur
994 796 1138 846 sacceus
1412 777 1501 869 [ear.

452 971 627 1038 aestimare.
689 971 756 1039 Sed
794 972 1000 1051 mediatores,
1033 971 1091 1058 qui
1129 972 1241 1038 literas
1279 976 1505 1058 portaverunt,

451 1074 587 1140 fuerunt
624 1075 759 1152 incauti,
792 1076 849 1161 qui
878 1075 975 1140 vobis
1012 1097 1080 1139 non
1117 1075 1266 1140 fecerunt
1302 1075 1505 1141 mentionem

452 1177 493 1242 de
531 1176 682 1264 expensis
694 1202 702 1258 ;
741 1183 774 1242 et
808 1177 871 1265 ipsi
909 1199 1013 1242 unum
1043 1177 1216 1242 denarium
1245 1177 1422 1243 noluerunt
1451 1200 1507 1243 ex·

452 1280 604 1366 pendere,
632 1301 706 1346 cum
736 1284 848 1345 tamen
886 1279 958 1344 dixi
996 1280 1042 1344 eis
1080 1279 1169 1365 quod
1199 1278 1295 1344 vobis
1333 1279 1506 1345 scriberem

451 1403 626 1447 numerum
650 1403 877 1469 expensarum,
895 1387 929 1447 et
956 1381 1134 1468 unicuique
1161 1382 1250 1468 quod
1272 1403 1368 1447 suum
1390 1381 1505 1448 fuerit¹

451 1484 651 1550 redderetur.
698 1484 771 1570 Ego
797 1505 876 1550 vero
906 1505 967 1550 nec
989 1484 1161 1571 pecuniam
1191 1483 1307 1564 habeo,
1338 1487 1377 1550 ut
1406 1485 1505 1563 scitis,

451 1608 512 1653 nec
537 1608 668 1673 possum
694 1586 824 1668 habere,
854 1608 914 1652 nec
937 1608 997 1674 per
1019 1608 1220 1672 consequens
1250 1586 1405 1664 mutuari,
1431 1609 1505 1653 curn

285 1696 341 1748 nae
353 1704 408 1749 sent
451 1707 519 1754 non
542 1689 681 1755 habeam
697 1689 777 1776 quid
792 1687 935 1756 reddam.
981 1687 1060 1755 Misi
1078 1688 1183 1776 igitur
1205 1688 1301 1754 fratri
1316 1710 1389 1753 meo
1405 1689 1506 1755 diviti

283 1764 412 1882 fflssw
451 1790 488 1857 in
513 1795 604 1858 terra
626 1814 707 1872 mea,
733 1792 790 1878 qui
805 1813 845 1857 ex
863 1797 958 1879 parte
971 1791 1059 1879 regis
1081 1791 1283 1869 consistens,2
1299 1813 1373 1856 cum
1399 1797 1506 1857 matre

282 1897 347 1977 ther,
451 1915 533 1972 mea,
557 1900 593 1962 et
618 1894 786 1974 fratribus,
813 1898 847 1960 et
876 1898 951 1961 tota
980 1893 1106 1959 familia
1136 1894 1293 1970 exulavit,
1321 1897 1356 1959 et
1385 1893 1506 1980 pluries

283 1965 429 2082 pppffl·
451 1997 601 2063 hostibus
631 1995 874 2084 deprehensus³
908 2018 943 2062 se
981 1995 1123 2063 redemit
1159 1996 1320 2083 pecunia;
1359 2000 1394 2060 et
1431 1995 1505 2062 ideo

283 2099 440 2150 mensurus
452 2100 645 2178 destructus,
669 2105 704 2166 et
726 2100 973 2188 depauperatus,
997 2121 1064 2165 non
1086 2101 1197 2187 potuit
1219 2121 1271 2164 me
1294 2098 1421 2184 juvare,
1445 2120 1505 2166 nec

282 2165 553 2269 royaleause'etiarm
575 2225 678 2290 usque
700 2203 744 2268 ad
766 2203 854 2268 hune
876 2202 963 2268 diem
986 2202 1089 2268 habui
1110 2224 1301 2290 responsum
1323 2200 1366 2267 ab
1388 2223 1434 2268 eo.

498 2305 716 2372 considerans
745 2305 849 2391 igitur
874 2310 1020 2371 vestram
1050 2306 1269 2371 reverentiam
1300 2309 1335 2370 et
1364 2325 1505 2391 praeoep-

451 2413 534 2488 tum,
556 2407 734 2473 sollicitavi
749 2407 871 2472 multos
895 2411 930 2472 et
952 2429 1109 2493 magnos;
1133 2411 1168 2472 et
1190 2407 1374 2492 aliquorum
1390 2407 1505 2473 faciem

451 2510 534 2575 bene
557 2509 759 2595 cognoscitis,
782 2509 929 2574 sednon
952 2513 1097 2574 mentem
1112 2533 1126 2588 ;·
1147 2513 1181 2573 et
1203 2508 1275 2573 dixi
1298 2510 1385 2594 quod
1407 2532 1505 2595 nego-

451 2613 535 2678 tium
561 2611 725 2697 quoddam
748 2616 895 2676 vestrum
923 2611 1039 2676 debuit
1065 2611 1201 2675 tractari
1227 2611 1264 2674 in
1287 2611 1427 2676 Francia
1449 2635 1507 2697 per

451 2714 526 2792 me‚⁴
559 2713 638 2781 licet
667 2710 768 2779 illud⁶
797 2735 866 2779 non
895 2713 1045 2801 expressi,
1078 2712 1170 2798 cujus
1200 2714 1349 2778 executio
1379 2713 1506 2800 indiget

450 2819 590 2906 pecunia
623 2814 776 2905 magna⁶
836 2816 903 2882 Sed
932 2815 1084 2902 quotiens
1116 2819 1289 2902 reputatus
1326 2815 1504 2902 improbus,

452 2922 603 3008 quotiens
625 2917 796 3008 repulsus,⁷
819 2919 971 3006 quotiens
994 2918 1117 2984 dilatus
1139 2939 1196 3006 spe
1222 2940 1317 2998 vana,
1343 2923 1505 3005 quantum

451 3025 602 3092 confusus
632 3025 668 3090 in
705 3023 838 3110 meipso,
869 3044 936 3088 non
968 3019 1121 3109 possum⁸
1152 3021 1340 3108 exprimere.
1393 3021 1505 3088 Etiam

451 3128 534 3192 mihi
556 3149 624 3192 non
646 3126 823 3193 credebant
838 3124 944 3205 amici,
959 3125 1038 3211 quis
1060 3145 1127 3190 non
1151 3124 1312 3209 potuisis
1334 3125 1504 3211 negotium

451 3230 613 3316 explicare
625 3254 633 3309 ;
664 3229 751 3294 unde
781 3250 840 3315 per
868 3227 954 3293 hanc
983 3227 1074 3293 viam
1104 3215 1170 3292 1‘10n
1201 3227 1295 3313 potui
1326 3228 1504 3314 procedere.

450 3332 672 3418 Angustiatus
708 3331 813 3418 igitur
849 3352 948 3417 supra
984 3329 1043 3409 id?
1074 3330 1162 3416 quod
1191 3334 1302 3417 potest
1337 3331 1503 3408 aestimari,

450 3434 540 3519 coligi
563 3433 738 3498 familiares
760 3433 909 3499 homines
932 3438 966 3498 et
989 3454 1148 3519 pauperes
1173 3433 1357 3518 expendere
1382 3434 1503 3514 omniu,

450 3559 523 3622 quse
552 3535 726 3614 habebant,
759 3541 793 3601 et
823 3535 930 3601 multa
956 3535 1107 3615 vendere,
1133 3539 1168 3600 et
1195 3539 1316 3601 caetero
1341 3537 1504 3623 impigno-

448 3661 530 3718 rare,
554 3639 655 3705 etiam
685 3638 878 3704 multotiens
905 3637 948 3702 ad
974 3659 1098 3715 usuras,
1122 3643 1156 3703 et
1184 3639 1320 3724 promisi
1344 3640 1391 3703 eis
1417 3641 1505 3725 quod

449 3741 543 3829 ego¹⁰
573 3742 668 3807 vobis
698 3741 872 3807 scriberem
902 3746 1013 3828 partes
1044 3740 1191 3827 singulas
1215 3762 1441 3826 expensarum,
1469 3747 1504 3806 et

450 3845 539 3929 quod
568 3846 656 3910 bona
685 3845 751 3910 fids
777 3864 982 3930 procurarem
1009 3843 1098 3929 apud
1122 3864 1181 3908 vos
1210 3842 1388 3929 perfectam
1418 3843 1503 3907 solu-

448 3949 582 4014 tionem.
629 3947 674 4013 Et
701 3951 814 4013 tamen
840 3949 974 4032 propter
999 3944 1137 4011 istorum
1164 3949 1392 4031 paupertatem
1419 3945 1503 4009 mul·

483 4316 491 4347 ¹
495 4314 592 4380 suerit]
611 4314 699 4374 fuerat,
707 4313 737 4363 B.
749 4313 782 4364 U.
1037 4309 1129 4378 *suurn
1149 4327 1198 4363 orn.
1210 4310 1241 4362 Τ.

482 4395 664 4459 'qaiwporte
680 4427 788 4445 .....
803 4392 947 4459 consuens]
1036 4391 1159 4457 Ἥρω]
1178 4406 1228 4441 om.
1242 4390 1272 4441 Τ.

450 4476 493 4541 qui
505 4481 542 4525 est
554 4489 587 4524 ex
599 4480 669 4538 parte
681 4509 787 4523 .....
804 4473 950 4536 consistens,
1038 4469 1181 4537 'reperim
1200 4471 1328 4535 expulsus,
1346 4470 1375 4521 1.

449 4556 480 4606 L.
1035 4553 1045 4581 ⁸
1053 4550 1165 4616 possum]
1184 4565 1290 4615 possem,
1308 4550 1337 4599 L.

483 4631 676 4700 'depreteasm]
694 4631 862 4697 deprehensis,
879 4633 909 4682 1..
1035 4633 1132 4695 ’supra
1144 4629 1184 4695 id]
1198 4631 1384 4695 supramodum
1397 4637 1422 4678 ct
1434 4629 1502 4687 idle

483 4716 491 4742 ⁴
500 4730 547 4779 per
557 4713 605 4779 me]
625 4728 672 4761 om.
685 4711 715 4762 T.
1027 4709 1111 4777 '‘rpo]
1130 4725 1179 4760 om.
1199 4709 1227 4760 la.
