3586 5640
323 766 400 857 ru]
707 782 796 834 orus
817 783 977 835 suanum
1325 777 1366 840 55

318 962 538 1040 instruuntur,
573 959 631 1025 sed
664 957 701 1023 in
732 957 852 1024 sabulis
882 962 917 1024 et
954 957 1091 1025 insaniis
1130 959 1304 1027 Ovidianis
1334 966 1369 1030 et

316 1069 510 1130 caeterorum
533 1067 714 1150 poetanm,
738 1061 797 1126 ubi
819 1083 931 1127 omnes
953 1082 1076 1126 errores
1098 1061 1134 1127 in
1156 1063 1221 1128 fido
1244 1069 1279 1128 et
1301 1086 1369 1130 mo-

315 1166 409 1231 ribus
446 1170 681 1253 proponuntur.
742 1163 829 1228 Nam
868 1163 1116 1229 multitudinem
1154 1165 1289 1230 deorum
1319 1166 1368 1232 ibi

316 1269 466 1348 audiunt,
489 1274 524 1334 et
546 1265 633 1354 quod
655 1265 804 1332 homines
833 1271 868 1332 et
896 1265 1001 1330 stellae
1024 1266 1103 1331 sunt
1133 1267 1190 1346 dii,
1227 1273 1262 1333 et
1291 1268 1366 1336 alite

315 1376 481 1451 crastiua,
505 1376 540 1436 et
562 1370 603 1435 de
625 1369 698 1434 vita
730 1366 842 1434 futura
867 1388 992 1434 errores
1021 1368 1145 1434 infiniti
1175 1370 1365 1455 vulgantur,

314 1477 384 1538 tam
406 1472 449 1538 de
463 1474 535 1539 vita
556 1472 716 1538 bonorum
739 1492 838 1557 quam
853 1470 1021 1537 malorum.
1068 1471 1115 1536 Et
1129 1493 1241 1537 omnes
1255 1495 1367 1559 super·

313 1572 480 1639 stitiones¹
512 1595 572 1660 pro
593 1572 751 1660 religione
774 1573 809 1636 in
832 1572 879 1638 eis
908 1572 1154 1651 inveniuntur,¹
1190 1579 1223 1638 et
1253 1596 1366 1641 omnes

314 1696 441 1742 morum
464 1673 709 1762 corruptiones⁸
742 1675 788 1740 Et
802 1675 875 1740 ideo
893 1675 1034 1761 juvenes
1056 1676 1245 1763 concipiunt
1260 1677 1365 1743 malos

313 1798 419 1843 mores
447 1800 469 1843 a
500 1778 687 1864 juventute,
716 1781 751 1843 et
780 1776 912 1863 quando
949 1783 1196 1863 temptavenmt
1236 1800 1365 1866 semper

311 1883 459 1945 crescunt
480 1879 517 1944 in
539 1879 593 1945 eie.

356 1981 402 2046 Et
423 1974 500 2047 inde
522 1979 641 2047 accidit
671 1985 790 2065 quarta
818 1980 903 2045 ratio
932 1979 975 2045 ad
1004 1980 1216 2067 propositum.
1273 1981 1362 2048 Nom
1376 1995 1457 2047 'luen

311 2082 358 2149 sio
379 2082 467 2148 flunt
488 2082 651 2148 inhabiles
673 2081 725 2146 ad'
739 2081 915 2146 veritatem
949 2082 1121 2168 sapientia
1143 2065 1507 2182 magnificam,{¹¹}1‘1'12082901¹

312 2184 391 2270 quia
413 2184 575 2271 scriptura
597 2184 678 2251 dicit
700 2183 787 2269 quod
818 2184 854 2248 in
888 2184 1085 2249 malevolam
1117 2186 1262 2251 animam
1293 2209 1361 2252 non
1373 2199 1476 2247 readers

310 2285 465 2352 inlaesa
496 2286 667 2373 sapientia,
704 2307 764 2352 neo
804 2286 972 2352 naerens
1002 2287 1038 2351 ln
1068 2309 1200 2376 corpora
1230 2290 1362 2355 suenio
1373 2262 1531 2380 mgb*

310 2390 457 2476 peccatis.
535 2387 581 2454 Et
626 2389 738 2454 anima
783 2388 958 2474 deturpata
1004 2391 1145 2476 peccetis
1182 2396 1233 2456 est
1277 2393 1520 2458 siouttruthwnd

309 2492 475 2577 speculum
500 2490 728 2577 rubiginosum
759 2496 793 2555 et
828 2497 932 2568 vetus,
964 2492 1000 2556 in
1030 2515 1095 2579 quo
1127 2515 1194 2558 non
1224 2500 1361 2581 possunt
1373 2465 1519 2583 &1232ss

309 2593 431 2678 speeies
466 2614 576 2658 rerum
606 2614 771 2679 apparere,
807 2599 849 2658 ut
880 2593 1013 2681 pulchre
1044 2596 1125 2662 dicit
1156 2597 1293 2685 Algazel
1324 2599 1360 2662 in

309 2693 428 2780 Logica
442 2692 468 2775 3⁴
497 2695 669 2760 stenima
696 2701 811 2760 ornata
837 2697 963 2762 virtute
995 2703 1045 2762 est
1078 2699 1163 2764 siout
1191 2701 1359 2787 speculum

308 2817 432 2862 novum
470 2802 505 2862 et
545 2797 685 2883 politum
726 2797 762 2860 in
800 2818 866 2882 quo
915 2804 1075 2883 apparent
1117 2801 1201 2865 olare
1248 2824 1358 2866 rerum

307 2899 476 2986 imagines.
524 2898 598 2965 Hoc
623 2899 703 2964 satis
727 2898 863 2963 ostendo
896 2900 931 2961 in
968 2899 1159 2964 Moralibus.
1207 2901 1252 2965 Et
1285 2903 1358 2966 ideo

308 3001 387 3086 quia
406 3001 527 3088 vulgus
546 3001 650 3066 nescit
667 3000 752 3065 hanc
774 2998 944 3064 seientiam
965 3021 986 3062 a
1007 2999 1193 3084 juventute,
1209 3001 1358 3067 homines

306 3101 432 3168 habent
463 3101 590 3167 animas
619 3102 772 3168 obscuras
802 3106 838 3167 et
867 3107 1044 3166 excaecatas
1077 3124 1151 3186 qum
1188 3124 1357 3189 nunquam

307 3209 444 3290 possunt
485 3203 638 3290 proficere
680 3203 745 3268 nisi
791 3204 828 3268 in
874 3203 977 3282 vanis,
1020 3209 1055 3269 et
1102 3203 1200 3280 falsis,
1242 3211 1277 3271 et
1320 3207 1357 3270 in

307 3306 409 3384 malis,
447 3305 711 3373 cavillationibus
748 3309 784 3371 et
818 3305 855 3369 in
892 3306 1021 3392 magnis
1057 3306 1357 3394 imperfectionibus

306 3408 484 3494 sapientiae.
552 3408 598 3473 Et
635 3409 709 3474 ideo
747 3407 927 3474 multitudo
973 3410 1177 3475 studentium
1216 3412 1357 3499 negligit

306 3530 402 3575 omne
425 3509 513 3595 quod
535 3509 708 3596 pulchrum
735 3515 843 3576 estet
867 3511 1007 3576 utilein
1033 3513 1196 3598 sapientia
1216 3514 1357 3598 philoso-

306 3611 401 3698 phiae,
427 3616 462 3677 et
493 3611 580 3698 perit
616 3610 829 3698 philosophia
876 3611 943 3677 Sed
975 3613 1053 3679 libri
1082 3614 1179 3678 istius
1209 3614 1356 3680 scientiae
1369 3630 1502 3698 Difflemty

307 3712 496 3780 Aristotelis
517 3716 552 3779 et
573 3712 764 3793 Avioennee‚
788 3712 921 3780 Senecas
951 3719 985 3780 et
1008 3714 1118 3793 Tullii,
1146 3719 1181 3779 et
1207 3713 1356 3792 aliorum,
1370 3698 1504 3776 prosaru-

306 3836 373 3880 non
403 3821 539 3900 possunt
567 3814 683 3882 haberi
718 3813 784 3880 nisi
819 3837 894 3879 oum
924 3815 1052 3900 magnis
1077 3816 1230 3902 expensis
1242 3840 1250 3896 ;
1281 3821 1354 3881 tum
1369 3766 1524 3908 ibinma-

307 3916 385 4001 quia
411 3915 605 4003 principales
628 3916 707 3982 libri
733 3936 801 3981 non
831 3919 910 3980 sunt
938 3917 1094 3981 translati
1120 3917 1156 3980 in
1187 3917 1352 3996 Latinum,
1367 3896 1525 4014 {mam

305 4024 377 4084 tum
413 4017 493 4104 quia
526 4017 667 4083 aliorum
694 4040 762 4083 non
791 4016 953 4103 reperitur
976 4017 1142 4102 exemplar
1170 4018 1207 4082 in
1236 4020 1354 4086 studiis

304 4119 512 4200 solemnibus,
553 4141 612 4186 neo
653 4120 759 4200 alibi;
797 4120 876 4206 quia
905 4118 982 4184 libri
1022 4119 1125 4185 Marci
1164 4120 1265 4187 Tullii
1302 4123 1354 4191 De

338 4504 438 4555 ¹omuca
453 4505 646 4572 mpaatitiom]
665 4504 746 4554 omnis
762 4519 803 4554 su·
889 4506 987 4555 'omres
1039 4521 1127 4556 morum
1178 4508 1351 4576 corruptiores]

305 4583 427 4648 perstitio,
439 4583 470 4634 Τ.
857 4584 939 4634 omnis
955 4598 1053 4634 morum
1072 4585 1205 4650 corruptio,
1222 4587 1253 4638 Τ.

336 4663 347 4693 ²
359 4663 524 4730 inveniuntur]
543 4661 676 4724 invenitur,
687 4663 718 4715 Τ.
891 4665 900 4692 ⁴
912 4663 938 4712 ia
949 4661 1056 4730 Loyioo]
1075 4679 1129 4729 cap.
1138 4664 1165 4718 li.
