3586 5640
307 731 420 821 xxiv]
707 745 794 796 orus
816 747 976 798 rannus.
1312 736 1355 801 85
1446 823 1459 844 κ

305 935 425 1000 derare
471 931 560 997 Nam
587 930 666 1018 quia
697 931 818 998 divites
848 954 915 1000 non
945 939 1084 1021 possunt
1112 933 1232 1002 habere
1256 935 1355 1022 justi-

304 1037 387 1102 tiam
413 1057 472 1121 per
498 1034 674 1113 ecclesiam,
702 1040 853 1121 pugnant
879 1035 1063 1102 adinvicem
1090 1040 1125 1103 et
1150 1036 1357 1103 oonfsmdunt

305 1160 339 1203 se
369 1159 478 1225 regna
534 1135 580 1201 Et
611 1136 731 1200 mirum
761 1141 812 1201 est
842 1136 930 1222 quod
963 1161 1037 1202 cum
1070 1139 1127 1224 jus
1164 1139 1357 1205 canonicum

305 1244 439 1305 eruatur
461 1238 503 1303 de
526 1236 673 1302 fontibus
696 1259 795 1304 saorae
821 1237 1009 1325 Scripturas,
1033 1245 1068 1305 et
1094 1241 1358 1327 expositionibus

305 1347 500 1417 sanctorum,
529 1339 617 1424 quod
639 1338 682 1402 ad
705 1339 779 1403 illas
800 1360 869 1403 non
892 1341 1097 1407 convertitur
1122 1342 1355 1429 principaliter,

305 1448 376 1508 tam
400 1443 437 1507 in
459 1441 598 1506 lectione
621 1462 719 1526 quam
746 1440 783 1505 in
808 1463 871 1506 usu
894 1441 1045 1508 eeclesiae.
1092 1443 1180 1508 Nam
1203 1467 1262 1530 per
1282 1443 1358 1509 illas

306 1545 405 1611 debet
426 1545 557 1630 exponi,
581 1547 616 1608 et
639 1542 834 1620 concordari,
859 1549 893 1609 et
915 1544 1069 1621 roborari,
1094 1550 1129 1610 et
1151 1545 1336 1610 confirmari
1348 1570 1357 1626 ;

305 1646 390 1711 sicut
419 1667 477 1732 per
506 1666 562 1710 eas
591 1643 716 1709 factum
742 1649 794 1709 est
823 1644 885 1709 hoo
909 1646 965 1731 jus
991 1667 1127 1711 sacrum
1174 1645 1240 1712 Sed
1269 1668 1358 1713 nunc

305 1747 530 1836 principaliter
549 1750 721 1825 tractatur,
741 1751 776 1812 et
798 1747 985 1833 exponitur,
1004 1752 1040 1812 et
1062 1749 1278 1814 concordetur
1299 1771 1358 1835 per
1409 1791 1412 1798 -

300 1850 357 1936 jus
380 1849 484 1929 civile,
508 1853 542 1914 et
564 1848 714 1914 totaliter
734 1847 881 1913 trahitur
902 1849 945 1913 ad
968 1870 1041 1914 eam
1063 1850 1157 1915 etin
1179 1872 1240 1916 usu
1262 1856 1297 1916 et
1318 1851 1356 1916 in

305 1951 442 2016 lectione
454 1949 478 2031 ;1
497 1951 586 2037 quod
606 1971 674 2014 non
695 1949 774 2015 lieet
795 1949 876 2030 fieri,
898 1950 1050 2035 quamvis
1073 1951 1104 2016 ei
1123 1949 1256 2018 valeat²
1270 1952 1355 2018 sicut

304 2053 424 2118 ancilla
446 2074 514 2118 suae
537 2052 680 2118 dominae
702 2050 874 2117 servitura

349 2154 490 2220 Utinam
524 2153 628 2241 igitur
659 2152 878 2218 excludantur
908 2152 1133 2220 cavillationes
1162 2161 1197 2221 et
1225 2154 1357 2221 haades
1368 2167 1475 2220 Baccn's

299 2256 505 2342 juristarum
536 2261 572 2321 et
601 2254 823 2320 terminentur
860 2276 966 2320 causae
1002 2256 1073 2322 sine
1106 2258 1247 2344 strepitu
1276 2258 1356 2336 litis,
1369 2234 1500 2351 ἕξω

305 2359 390 2422 sicut
427 2355 577 2422 solebant
614 2378 682 2423 esse
720 2362 799 2421 ante
837 2356 1058 2443 quadraginta
1095 2380 1207 2424 annos
1261 2359 1291 2425 Ο
1329 2358 1459 2424 sistus·

305 2457 428 2523 videbo
453 2458 553 2523 oeulis
579 2458 660 2523 meis
686 2457 747 2523 hoc
770 2458 984 2545 contingere!
1029 2458 1119 2524 Nam
1145 2460 1175 2524 si
1200 2432 1507 2551 strepitusffi

300 2560 385 2646 juris
406 2564 639 2639 removeretur,
654 2565 689 2625 et
710 2559 935 2624 cavillationes
958 2562 993 2623 et
1014 2559 1134 2626 abusus
1151 2560 1357 2646 juristarum,

305 2665 386 2727 tunc
412 2661 487 2726 laici
516 2665 551 2725 et
575 2659 683 2725 clerici
713 2658 873 2725 haberent
899 2659 1068 2745 justitiam
1092 2667 1127 2727 et
1153 2684 1273 2748 pacem.
1321 2661 1359 2728 Si

305 2763 405 2828 etiam
430 2763 487 2850 jus
516 2761 709 2827 canonicum
739 2765 939 2848 purgaretur
969 2783 990 2825 a
1019 2763 1248 2848 superfluitate
1272 2763 1287 2850 j
1333 2765 1340 2780 '

305 2864 421 2944 civilis,
452 2869 486 2929 et
522 2863 729 2951 regularetur
766 2883 824 2948 per
860 2862 1069 2949 theologiam,
1100 2869 1181 2929 tunc
1218 2866 1359 2932 ecelesiae

304 2965 451 3052 regimen
471 2965 566 3030 fieret
585 2964 734 3052 gloriose,
752 2963 801 3029 et³
816 2963 995 3029 secundum
1015 2965 1084 3050 ejus
1098 2966 1264 3051 propriam
1287 2966 1359 3052 dig-

304 3067 457 3133 nitatem.
513 3065 551 3132 Si
580 3066 683 3131 etiam
712 3066 783 3130 haec
812 3065 940 3144 fierent,
963 3062 1061 3130 tunc⁴
1088 3065 1237 3133 studium
1267 3066 1359 3131 theo·

304 3169 409 3255 logice,
431 3165 485 3233 et⁵
509 3167 596 3254 juris
625 3167 781 3244 canonici,
811 3171 846 3231 et
880 3165 1097 3253 philosophiae
1126 3167 1360 3234 sublimaretur

306 3275 340 3336 et
367 3269 578 3356 perficeretur
604 3268 785 3334 necessario
797 3292 806 3350 ;
833 3267 989 3354 quoniam
1013 3264 1113 3334 tunc⁰
1137 3269 1300 3357 principes
1325 3274 1361 3336 et

305 3371 437 3458 prselati
459 3370 579 3436 darent
600 3369 760 3436 beneficia
786 3373 822 3435 et
843 3369 979 3434 divitias
1003 3369 1214 3436 studentibus
1239 3371 1276 3436 in
1299 3371 1361 3436 hac

307 3472 430 3560 triplici
467 3471 649 3551 facultate;
687 3471 776 3536 unde
806 3471 946 3537 studiosi
979 3477 1113 3558 possent
1146 3472 1266 3538 habere
1303 3496 1360 3538 ex·

305 3595 431 3663 pensas,
454 3579 489 3640 et
511 3574 549 3639 in
570 3574 652 3654 vita,
676 3579 711 3638 et
737 3573 771 3637 in
798 3573 908 3638 studio
934 3575 1104 3659 sapientiae
1130 3576 1361 3661 promovendo.

306 3677 395 3743 Nam
425 3682 505 3743 sunt
535 3675 633 3741 multi
667 3679 702 3741 ct
732 3679 831 3740 erunt
861 3675 919 3760 qui
948 3696 1118 3761 nunquam
1148 3683 1312 3742 cessarent
1341 3701 1362 3742 a

306 3778 476 3867 sapientiae
506 3776 636 3844 studio⁷
667 3776 770 3842 donec
800 3777 1003 3862 complerent
1031 3798 1114 3856 eam,
1145 3777 1173 3840 si
1203 3777 1362 3844 haberent

307 3901 485 3967 expensas;
518 3879 576 3944 sed
603 3878 739 3965 quidam
763 3878 965 3965 complerent
991 3878 1199 3964 theologiam,
1227 3879 1362 3963 quidam

306 3981 556 4069 philosophiam,
578 3985 612 4046 et
635 3981 771 4066 quidam
793 3980 1015 4047 rectificarent
1032 3979 1089 4065 jus
1112 3979 1313 4060 canonicum,
1328 3987 1363 4047 et

339 4317 719 4412 'etiama2...loctioac]
748 4332 804 4370 eam
896 4317 1068 4383 'at]om.T.

303 4398 578 4544 m‚m]¹ffbffi
587 4398 627 4528 ξ
639 4397 668 4447 Ῑ*
806 4410 807 4413 ¹
896 4433 987 4501 ἐνπο]
1005 4448 1054 4487 om.
1071 4433 1103 4488 Τ.

337 4555 394 4620 'ct]
413 4570 463 4607 om.
479 4555 511 4607 T.
