3586 5640
721 777 807 827 orus
830 777 947 827 ninus
1287 762 1352 833 337

304 947 504 1033 exemplaria
528 948 669 1013 ecclesiae
694 953 807 1033 pateat
827 970 895 1014 esse
912 949 1118 1034 Hieronymi,
1135 954 1353 1035 praeterquam
1367 974 1478 1024 virinus

303 1049 340 1112 in
363 1050 523 1135 psalterio
570 1049 625 1113 Ad
644 1050 844 1113 evidentiam
868 1072 945 1115 vero
968 1050 1130 1115 dictorum
1154 1056 1188 1116 et
1202 1038 1544 1158 ᾳιιαωνίεξξξζῖξξῗῖ,

303 1151 432 1216 intente
466 1151 601 1237 expedit
630 1152 834 1227 considerari,
865 1152 953 1236 quod
985 1152 1143 1237 Origenes
1173 1174 1240 1217 non
1277 1139 1441 1225 fecitmrai,
1475 1123 1491 1170 p

304 1252 448 1337 aliquam
471 1253 728 1332 translationem,
744 1253 821 1318 licet
837 1254 996 1340 Magister
1019 1254 1244 1319 Historiarum
1268 1255 1357 1319 (licat

306 1354 481 1440 Origenem
508 1355 713 1419 transtulisse
737 1376 810 1420 curn
835 1356 988 1420 asterisco
1014 1361 1049 1421 et
1075 1357 1176 1433 obelo
1198 1362 1233 1422 et
1258 1357 1358 1441 Hugo

305 1456 340 1520 in
365 1455 588 1521 Didascalica¹
615 1463 743 1522 sextam
775 1462 810 1522 et
839 1458 1012 1542 septimam
1041 1456 1217 1544 Origenem
1248 1457 1359 1522 fecisse

307 1557 493 1622 arbitratur.
540 1557 605 1622 Sed
620 1579 687 1622 non
710 1563 819 1643 potest
835 1558 1008 1623 translatio
1028 1559 1092 1623 dici
1109 1580 1181 1624 eum
1198 1559 1360 1624 asteriscis

306 1664 341 1723 ct
366 1656 488 1724 obelis.2
533 1659 622 1723 Nam
644 1682 718 1724 cum
745 1661 917 1725 asteriscus
947 1659 1108 1746 ponatur³
1130 1667 1169 1725 ut
1195 1661 1361 1725 illuminet

306 1760 392 1825 sicut
407 1760 511 1840 stella,
527 1765 562 1825 et
586 1760 740 1826 ostendat
763 1761 820 1824 ubi
844 1762 955 1845 aliqua
977 1761 1105 1840 omissa,
1128 1767 1163 1826 et
1185 1761 1298 1827 obelus
1321 1767 1360 1826 ut

306 1862 499 1926 minuantur
521 1862 693 1947 superflua,
718 1867 848 1926 constat
871 1862 959 1947 quod
983 1863 1092 1926 nullus
1115 1863 1149 1926 in
1173 1885 1359 1948 operasse,

307 1965 364 2028 sed
390 1964 504 2039 aliene,
528 1964 589 2027 hoc
615 1964 702 2028 facit.
744 1963 831 2028 Nam
855 1985 915 2027 nec
940 1964 971 2027 S.
998 1963 1223 2049 Hieronymus
1245 1971 1361 2029 eontra

308 2065 418 2130 hocin
437 2066 633 2150 quibusdam
657 2064 807 2149 prologis,
824 2065 880 2148 qui
904 2065 989 2129 male
1011 2072 1179 2150 ponuntur
1200 2066 1235 2129 in
1252 2065 1361 2130 Biblia

307 2172 428 2244 nostra,
469 2166 525 2250 qui
552 2186 619 2228 non
645 2171 724 2229 sunt
759 2165 794 2228 in
829 2187 897 2243 sua,
930 2165 1086 2230 transfert
1122 2167 1206 2231 male
1242 2167 1299 2231 sed
1325 2168 1361 2230 in

308 2268 529 2351 Septuaginta
565 2266 723 2352 [genera],
757 2287 855 2350 quam
888 2267 1050 2331 asteriscis
1078 2273 1112 2331 et
1136 2268 1236 2333 obelis
1271 2269 1361 2354 prius

309 2369 459 2448 correxit,
486 2375 664 2451 antequam
692 2368 855 2453 propriam
894 2368 998 2433 edidit
1028 2369 1163 2434 Latinis.
1210 2369 1246 2433 Si
1273 2371 1360 2433 enim

309 2470 452 2554 aliquam
475 2468 603 2533 fecisset
627 2468 791 2554 Origenes
815 2475 962 2534 auctores
999 2492 1065 2534 non
1092 2471 1270 2536 tacuissent
1281 2496 1294 2551 ;.
1329 2477 1362 2535 et

311 2571 472 2656 praecipue
510 2569 679 2645 Eusebius,
711 2570 768 2655 qui
805 2592 903 2656 super
941 2571 1010 2656 ejus
1041 2572 1194 2636 laudibus
1231 2583 1361 2638 sextum

310 2673 431 2735 librum
457 2671 689 2736 Ecclesiasticus
715 2672 874 2737 Historiae
897 2673 1033 2758 scripsit.
1084 2673 1362 2739 Translatienem⁴

311 2780 443 2838 tantum
475 2773 696 2860 Septuaginta
719 2774 861 2838 correxit
892 2774 1053 2837 asteriscis
1076 2780 1109 2838 et
1133 2776 1242 2854 obelis,
1267 2783 1301 2839 et
1327 2777 1361 2838 in

309 2875 466 2961 exemplis
496 2877 563 2939 suis
593 2875 771 2954 collocavit,
797 2875 884 2959 quod
910 2874 1032 2937 dicitur
1062 2875 1097 2936 in
1128 2880 1222 2938 sexto
1255 2876 1363 2938 Eccle-

309 2977 448 3042 siastieae
480 2975 640 3040 Historiae
670 2974 762 3039 libre.
811 2974 969 3058 Origenes
1000 2973 1232 3037 famosissimos
1263 2974 1364 3037 libros

310 3079 415 3163 primo
446 3077 636 3162 composuit,
670 3077 704 3139 in
738 3075 858 3159 quibus
888 3095 946 3158 per
977 3073 1121 3158 singulas
1156 3075 1365 3139 columnellas

310 3180 486 3265 separatim
517 3201 535 3242 e
566 3178 697 3262 regione
728 3198 808 3260 opus
839 3175 1028 3260 interpretis
1058 3175 1278 3261 cujuscunque
1309 3178 1363 3241 ele-

310 3281 449 3364 scripsit,
480 3285 520 3341 ut
549 3279 654 3363 primo
685 3278 755 3361 ipsa
786 3275 950 3340 Hebraica
982 3276 1154 3342 Hebraicis
1180 3278 1284 3343 literis
1308 3302 1363 3365 po-

312 3386 412 3455 neret,
441 3380 580 3443 seeundo
610 3379 680 3441 loce
707 3401 764 3462 per
790 3377 938 3441 ordinem
962 3376 1084 3443 Graecis
1118 3380 1222 3444 literis
1246 3379 1365 3445 verla⁵

313 3482 478 3545 Hebraico
501 3478 719 3557 describeret;
745 3479 846 3542 tertio
870 3479 1002 3564 Aquilae
1027 3480 1204 3545 editionem
1230 3483 1365 3566 subjun-

310 3588 424 3668 geret3
467 3585 585 3666 quarto
624 3579 821 3662 Symmachi,
856 3579 973 3664 quinto
1011 3579 1238 3668 Septuaginta,
1270 3588 1365 3646 sexto

313 3681 548 3749 'rnaalotionis
578 3681 755 3744 editionem
783 3681 960 3745 collocaret.
1008 3681 1053 3745 Et
1079 3688 1213 3767 propter
1237 3705 1366 3767 compo-

313 3786 466 3849 sitionem
503 3781 594 3869 ipsa⁰
631 3782 829 3867 exernplaria
867 3782 1052 3846 nominarit
1096 3783 1284 3868 IIexapla,⁷
1330 3786 1363 3848 id

313 3893 371 3964 est,
388 3885 448 3951 laea
471 3884 570 3949 simul
592 3883 706 3947 ordine
730 3883 932 3969 conseripta;
956 3882 1017 3948 lica
1040 3883 1127 3947 enim
1145 3884 1256 3950 Graeco
1279 3885 1365 3948 idem

315 3990 402 4073 quod
432 4010 489 4053 sex
520 3985 646 4062 Latine,
674 3989 708 4048 et
737 3983 861 4069 optram
884 3985 971 4050 idem
995 3985 1083 4068 quod
1104 3984 1208 4049 simul.
1256 3985 1366 4050 Scien-

351 4299 356 4328 ¹
372 4295 547 4363 Didascalico]
567 4299 599 4347 iv.
614 4304 635 4347 5.
898 4300 907 4328 ⁴
923 4295 1128 4362 Translatioacm]
1148 4299 1273 4359 transfert,
1285 4301 1341 4350 MS.

349 4378 419 4427 τιΙιόἰ
435 4414 442 4428 .
461 4414 466 4426 .
485 4412 491 4426 .
511 4376 597 4442 obelis]
606 4376 656 4425 dici
668 4375 716 4425 nisi
730 4375 819 4426 asteria
898 4375 1005 4441 ’sarteq
1024 4392 1069 4440 per
1080 4379 1164 4437 verba,
1176 4377 1231 4428 MS.

315 4457 467 4517 abellanis.
861 4500 862 4504 ,
897 4453 1197 4520 ‘qrsrqlunaipsnMS

349 4537 499 4585 ’asteriscus
508 4535 628 4601 poarrlur]
644 4535 748 4584 asterius
767 4548 818 4581 non
897 4532 1048 4599 ’Hesnpla]
1079 4536 1241 4598 exemplaria,
1272 4536 1298 4585 iu
1320 4545 1366 4597 est,

318 4623 432 4680 ponatur,
446 4615 501 4664 MS.
865 4627 897 4661 ex
909 4611 984 4661 simul
995 4613 1083 4663 ordine
1096 4615 1245 4678 conscripta,
1260 4615 1315 4666 MS.

406 4722 480 4770 von
497 4721 517 4770 1.
1209 4722 1234 4770 Y
