3586 5640
308 720 420 806 xxm]
702 736 789 786 orus
812 737 971 788 rnarruu.
1320 724 1364 795 87

306 934 365 977 vos
387 910 479 978 fiant.
526 911 572 977 Et
588 912 663 977 ideo
680 932 749 977 non
768 913 903 999 expedit
927 912 1016 998 quod
1037 911 1111 978 sitia
1128 934 1264 1000 magnae
1287 915 1361 980 abe·
1374 919 1486 974 Advim

306 1012 478 1095 tinentiae,¹
509 1037 570 1080 nec
599 1015 789 1102 vigiliarum
826 1037 1029 1101 magnarum,
1061 1015 1140 1100 quia
1169 1017 1363 1085 exercitatio
1373 987 1498 1108 {2122}

306 1119 449 1204 corporis
471 1117 515 1182 ad
537 1118 702 1183 modicum
724 1117 824 1197 valet,
847 1117 953 1202 pistae
976 1121 1088 1182 autem
1111 1119 1155 1182 ad
1180 1119 1299 1199 omnia,
1321 1123 1498 1202 utpotae

307 1222 388 1287 dicit
407 1222 581 1307 apostolus
627 1222 747 1287 Recolo
767 1221 870 1285 verba
887 1221 991 1285 Marci
1006 1220 1106 1285 Tullii
1128 1189 1497 1316 adCaesarem,¹1f0„⁸m‘,

307 1323 383 1410 pro²
414 1323 457 1388 M.
484 1322 645 1388 Marcello
693 1323 777 1388 Cum
809 1323 897 1386 enim
927 1323 1008 1386 alias
1039 1322 1076 1386 in
1106 1321 1190 1387 libro
1218 1322 1269 1387 De
1293 1319 1535 1439 Im-hf‘flfellfof

307 1426 510 1490 mortalitate
548 1426 680 1490 Animae
713 1425 809 1501 dicat,
849 1424 939 1509 quod
975 1424 1045 1490 haec
1082 1425 1155 1488 vita
1185 1447 1272 1490 mors
1302 1432 1361 1507 est,
1374 1401 1529 1518 {2322oe

308 1533 342 1592 et
360 1527 534 1613 persuadet
568 1527 751 1612 quamlibet
785 1528 950 1612 privatam
981 1547 1154 1612 personam
1178 1529 1222 1591 ad
1245 1527 1361 1593 mortis
1372 1520 1523 1638 ffif'el·

307 1629 511 1708 desiderium,
531 1631 666 1715 propter
683 1628 966 1693 immortalitatem
987 1629 1067 1694 vitas
1086 1627 1227 1710 firturae3
1250 1634 1362 1696 tamen
1374 1652 1503 1707 carim.

307 1732 393 1796 beno
423 1731 563 1817 principi
592 1729 779 1816 reipublicae
809 1730 863 1794 hic
893 1730 1011 1794 suadet
1040 1731 1267 1811 contrarium3
1294 1721 1440 1797 nondun

307 1838 441 1920 propter
469 1855 503 1898 se
536 1834 571 1897 in
598 1839 760 1918 quantum
797 1838 848 1897 est
869 1853 1009 1918 persona
1037 1831 1221 1918 singularia,
1245 1835 1302 1899 sed
1325 1835 1362 1900 in

306 1943 468 2021 quantum
504 1936 644 2023 publica,
675 1942 710 2000 et
747 1934 847 1999 habet
876 1934 958 1999 alios
988 1934 1127 2020 dirigere
1163 1940 1197 2000 et
1227 1934 1361 2004 salvare.

307 2039 398 2104 Dicit
412 2059 509 2126 ergo:
529 2045 546 2074 “
556 2037 686 2102 Omitto
700 2037 870 2102 doctorum
885 2035 1056 2101 hominum
1072 2037 1108 2100 in
1123 2041 1362 2105 contemnenda

308 2146 325 2176 “
347 2144 455 2205 morte
480 2141 701 2216 sententiam
723 2140 792 2204 noli
815 2142 928 2203 nostro
959 2136 1103 2224 periculo
1126 2160 1195 2204 esee
1221 2141 1360 2226 sapiens

308 2249 325 2276 ‘⁸
349 2241 444 2327 Saepe
462 2241 588 2305 solebas
610 2241 717 2306 dicere
739 2238 822 2304 tibi⁸
843 2241 924 2304 satis
950 2243 985 2305 te
1004 2239 1135 2317 vixisse,
1163 2241 1279 2322 credo;
1302 2244 1360 2308 sed

309 2352 326 2378 “
348 2349 430 2408 tunc
450 2341 486 2407 id
507 2343 655 2408 audirem
676 2344 704 2406 si
726 2342 789 2430 titi
812 2341 873 2406 soli
895 2342 1033 2417 viveres,
1058 2339 1134 2407 aut*
1157 2343 1186 2406 ai
1208 2343 1271 2408 tibi
1297 2344 1359 2410 soli

309 2453 326 2480 “
346 2449 446 2509 natus
478 2464 570 2510 emm
616 2444 773 2509 Omnium
808 2444 949 2508 salutem
982 2442 1114 2523 civium,
1145 2450 1359 2531 cunctamque

306 2556 325 2582 “
346 2545 589 2633 rempublicam,
621 2567 672 2611 res
704 2551 773 2612 tuae
808 2551 909 2632 gestae
945 2545 1125 2632 complexae
1155 2546 1262 2612 sunt.”
1313 2548 1360 2614 Et

306 2670 423 2715 sanum
453 2648 688 2715 documentum
714 2648 947 2734 sapientissimi
968 2647 1098 2714 Senecae
1128 2653 1163 2714 et
1183 2651 1303 2735 optimi
1322 2651 1360 2715 in

306 2752 379 2817 vita
400 2752 578 2817 invenietis
598 2751 636 2815 in
651 2749 736 2815 libro
751 2750 803 2815 De
825 2749 1081 2834 l'ranquillitate
1095 2750 1227 2816 Animae
1251 2752 1359 2818 obser-
1441 2829 1445 2836 ⁸

305 2853 424 2934 vanda,
447 2873 563 2919 versus
585 2852 684 2918 finem
704 2851 881 2916 voluminis
903 2852 1043 2937 majoris,
1068 2852 1127 2916 ubi
1150 2852 1245 2917 docet
1271 2855 1360 2938 quod

304 2978 372 3022 non
394 2954 521 3042 potest⁶
545 2957 583 3020 in
608 2955 669 3020 hac
694 2955 768 3019 vita
791 2952 915 3018 servari
945 2952 1104 3018 continua
1126 2955 1358 3039 tranquillitas,

305 3060 370 3124 nisi
384 3059 482 3124 homo
496 3058 638 3144 corporis
658 3056 867 3122 necessitates
888 3052 1049 3141 recipiat.6
1093 3053 1138 3119 Et
1153 3054 1214 3119 feci
1228 3055 1359 3141 signum

305 3162 342 3225 in
371 3162 519 3248 margine
546 3159 602 3225 ut⁷
622 3159 707 3224 bene
733 3163 906 3223 notaretur
935 3178 956 3220 a
978 3161 1088 3221 vestra
1117 3155 1297 3242 sapientia3
1324 3165 1360 3224 et

306 3263 491 3349 specialiter
512 3266 647 3350 propter
672 3258 750 3326 hoc⁸
776 3260 865 3346 quod
890 3259 1019 3325 habetis
1045 3258 1212 3325 ecclesiam
1236 3260 1300 3326 Dei
1322 3261 1358 3326 in

306 3370 472 3451 potestate
501 3369 621 3444 vestra,
653 3369 689 3429 et
719 3364 879 3428 mundum
909 3366 1019 3428 toturn
1050 3361 1180 3428 habetis
1210 3363 1358 3450 dirigere.

307 3465 359 3531 De
381 3466 443 3532 hoc
465 3471 576 3532 autem
603 3465 749 3551 capitulo
771 3486 831 3551 pro
849 3465 925 3551 jure
952 3465 1066 3530 divino
1089 3470 1124 3530 et
1147 3466 1301 3530 canonico
1324 3472 1359 3532 et

306 3568 404 3645 civili,
436 3575 471 3634 et
507 3573 580 3633 toto
618 3567 738 3647 studio,
768 3568 890 3632 iterum
927 3568 1045 3633 faciam
1082 3569 1284 3633 mentionem
1321 3568 1358 3631 in

308 3671 473 3736 Remediis
504 3670 625 3736 Stadii
686 3668 775 3734 Nam
812 3691 880 3734 non
910 3674 961 3734 est
999 3670 1118 3734 mirum
1150 3671 1178 3732 si
1212 3667 1358 3755 theologi

304 3773 515 3860 negligantur
535 3774 571 3839 in
595 3771 753 3859 regimine
775 3777 949 3858 postquam
967 3770 1023 3855 jus
1048 3767 1239 3856 ignoratur⁰
1261 3790 1356 3836 cano·

339 4246 524 4313 matinata]
543 4247 677 4313 sapientia,
694 4249 726 4298 Τ.
886 4249 972 4315 'qnod
993 4265 1040 4300 nou
1058 4251 1153 4317 potest]
1180 4253 1247 4316 qnod
1262 4252 1290 4303 ln
1306 4252 1355 4303 lmc

338 4326 418 4392 ²pro]
436 4326 722 4393 inepistolapro,B.L.
757 4328 804 4382 See
853 4330 967 4381 vitanon
983 4336 1063 4394 potest
1079 4329 1180 4392 mari
1198 4331 1229 4382 Τ.

307 4404 376 4456 Orat
405 4420 452 4468 pro
476 4406 605 4470 Marcello,
630 4408 706 4474 525.
748 4407 804 4459 The
884 4407 1021 4474 ‘recipicfl
1041 4407 1145 4463 cnud.
1159 4410 1239 4463 dcxv.

307 4482 654 4554 quotationisconsiderably
664 4488 765 4540 altered
884 4487 944 4553 lut]
963 4489 1038 4550 unde,
1055 4487 1086 4538 Τ.

337 4560 538 4628 wama.
884 4565 1077 4633 'lochnaIt

339 4642 415 4709 Μαί]
434 4658 483 4694 om.
500 4642 531 4694 Τ.
885 4647 1043 4713 'ipsoram
1061 4647 1195 4713 ignomur,
1213 4648 1243 4701 T.
