3586 5640
443 770 509 837 360
821 780 949 829 secem
972 778 1117 828 siccius

443 954 509 1019 Sed
554 959 589 1018 et
633 955 704 1018 siue
748 953 801 1016 his
846 958 970 1018 secrete
1015 950 1182 1036 alkymiae,
1228 973 1303 1035 qum
1347 949 1500 1036 superius

443 1055 613 1135 occultavi,
641 1054 713 1119 sciri
753 1059 821 1119 non
857 1058 1002 1139 possunt.
1049 1053 1095 1117 Et
1131 1052 1206 1118 ideo
1243 1051 1419 1138 multiplici
1456 1049 1500 1115 de
1591 1096 1597 1107 .

444 1180 541 1223 causa
556 1157 692 1243 expedit
713 1156 802 1242 quod
816 1155 870 1220 hic
889 1156 1081 1242 aperiantur
1102 1154 1175 1233 ista,
1197 1159 1232 1219 et
1253 1159 1363 1220 totum
1377 1153 1500 1239 vulgus

443 1258 711 1345 philosophorum
744 1280 843 1344 <luam
876 1258 1102 1345 theologorum
1135 1256 1326 1341 hujusmodi
1363 1276 1500 1342 genera-

443 1363 568 1427 tionem
614 1362 851 1447 ignomverunt
898 1381 1002 1445 usque
1047 1352 1143 1438 nunc,
1189 1358 1340 1445 quamvis
1394 1357 1500 1442 aliqui

445 1463 680 1550 sapientissimi
702 1486 775 1528 eam
806 1462 923 1527 sciunt.
970 1460 1035 1527 Sed
1062 1461 1111 1525 illi
1134 1461 1272 1526 suntin
1298 1459 1364 1525 fine
1387 1459 1499 1545 peuci-

445 1566 551 1642 tctis;
573 1570 608 1630 et
632 1566 706 1630 ideo
729 1587 849 1649 pons-m
872 1563 925 1628 hic
955 1564 1136 1628 sententias
1158 1563 1263 1649 magis
1285 1560 1500 1627 rationabiles

445 1673 480 1733 ct
511 1690 585 1753 quse
619 1673 698 1732 sunt
729 1668 765 1731 in
797 1688 859 1731 usu
891 1666 984 1752 vulgi
1022 1671 1056 1730 et
1088 1665 1285 1751 sapientum,
1308 1668 1348 1729 ut
1384 1667 1499 1749 pateat

446 1770 579 1835 infinite
600 1769 736 1848 fulcitae,
760 1775 795 1834 et
815 1768 937 1834 veritas
959 1768 1089 1854 plenius
1111 1767 1278 1833 elucescat
1324 1765 1370 1832 Et
1391 1765 1501 1853 placet

446 1872 529 1936 mihi
560 1871 596 1935 in
619 1871 771 1936 hocloco
794 1871 836 1936 de
867 1870 919 1935 his
941 1874 1083 1935 tractem
1115 1869 1167 1934 uti
1198 1872 1322 1934 secreta
1342 1867 1501 1954 alkymiae

447 1975 651 2039 occultentur
688 1973 725 2037 in
762 1972 814 2036 his
852 1994 926 2057 quse
964 1971 1079 2048 scribo,
1118 1971 1207 2057 quod
1243 1975 1356 2036 temen
1389 1974 1503 2035 vestra

447 2077 599 2141 discretio
631 2074 743 2140 voleat
766 2074 979 2160 contemplari
991 2097 999 2154 ;
1032 2073 1096 2139 nisi
1127 2073 1215 2139 enim
1247 2073 1392 2138 sciantur
1425 2095 1501 2159 quae

447 2178 538 2265 prius
561 2173 683 2264 scripsi,
708 2182 742 2242 et
774 2200 813 2243 ea
835 2199 909 2262 quse
931 2175 984 2241 hic
1006 2175 1156 2253 scribam,
1181 2179 1216 2240 et
1241 2175 1342 2240 tertio
1364 2197 1404 2240 ea
1426 2196 1502 2261 quse

447 2280 483 2343 in
505 2280 571 2343 fine
595 2274 703 2365 operis
725 2279 902 2359 conscrib0,
919 2300 985 2343 non
1008 2282 1117 2363 potest
1139 2277 1256 2342 horum
1278 2276 1354 2342 sciri
1376 2276 1502 2343 veritas

447 2381 641 2466 scriptorum
667 2386 872 2446 secretorum.

493 2481 576 2546 Dico
598 2482 702 2567 igitur
729 2482 817 2566 quod
841 2504 883 2546 ex
914 2482 1084 2547 elementis
1105 2486 1185 2546 sunt
1206 2479 1318 2545 omnic
1338 2479 1502 2547 inferiora

449 2583 495 2647 Et
516 2588 629 2648 tamen
653 2582 721 2646 non
755 2583 923 2648 descendit
953 2583 1040 2669 ignis
1062 2606 1083 2648 a
1104 2581 1232 2670 sphaera
1260 2604 1322 2647 sua
1352 2581 1395 2646 ad
1419 2581 1504 2648 hanc

447 2684 701 2772 generationem,
727 2688 766 2749 ut
790 2684 826 2748 in
850 2706 974 2749 vanum
998 2689 1154 2770 quierunt
1172 2683 1340 2749 naturales
1361 2682 1504 2770 vulgati,

448 2788 528 2873 quia
550 2786 640 2872 quod
662 2808 789 2851 summe
812 2787 884 2852 leve
907 2791 959 2851 est
981 2808 1048 2852 non
1078 2786 1246 2853 descendit
1267 2785 1325 2852 sed
1346 2787 1502 2853 ascendit

450 2890 520 2955 Nec
558 2889 666 2954 virtus
700 2888 921 2975 multiplicata
958 2889 1001 2953 cb
1024 2889 1099 2975 igne
1122 2893 1322 2974 potestesse
1350 2889 1503 2954 naturale

451 2992 651 3079 principium
675 2991 815 3077 alicujus
844 2991 901 3071 rei,
926 2991 1005 3076 quia
1026 2991 1133 3055 omnis
1154 2991 1262 3056 virtus
1283 2990 1505 3077 multiplicata

450 3101 502 3159 est
523 3095 594 3160 loeo
617 3094 747 3181 agentis
770 3098 804 3159 et
826 3115 893 3157 non
917 3094 1072 3159 moteriae.
1134 3093 1180 3158 Et
1203 3094 1277 3158 ideo
1300 3097 1394 3180 patet
1413 3092 1503 3179 quod

451 3196 570 3261 l'ulsum
593 3197 724 3275 dicitur,
745 3198 834 3280 quod
856 3196 1018 3261 elementa
1039 3196 1169 3281 singula
1184 3200 1335 3283 quatuor,
1350 3195 1386 3259 in
1401 3216 1505 3281 parva

451 3297 640 3381 ‹luentitate
663 3296 820 3362 divisset
837 3297 1001 3377 distincta,
1026 3303 1224 3362 concurrunt
1246 3297 1290 3361 ad
1311 3297 1453 3362 invicem
1467 3296 1504 3361 in

450 3399 562 3483 aliquo
585 3398 644 3462 ubi
670 3404 709 3463 ut
730 3421 781 3462 res
803 3406 1008 3484 generentur.
1055 3399 1142 3463 Nam
1166 3399 1253 3486 ignis
1275 3421 1343 3465 non
1373 3399 1505 3464 inveni·

450 3506 541 3565 retur
563 3522 621 3587 per
636 3524 670 3565 se
685 3500 829 3565 existens
853 3501 888 3564 in
911 3503 1001 3565 omni
1024 3503 1093 3566 loco
1116 3501 1345 3588 generationis,
1363 3523 1401 3567 eo
1416 3502 1504 3586 quod

452 3626 518 3668 non
555 3603 725 3667 invenitur
756 3603 820 3665 nisi
843 3603 878 3667 in
905 3603 984 3668 locis
1006 3603 1190 3690 sulphureis
1219 3609 1254 3669 et
1283 3604 1505 3670 bituminibus

451 3705 669 3784 ardentibus;
703 3705 855 3790 quamvis
878 3705 966 3769 enim
990 3728 1047 3791 per
1069 3706 1193 3771 radices
1216 3706 1386 3771 stellarum
1408 3728 1506 3793 geno·

452 3815 543 3873 retur
574 3808 668 3894 ignis,
712 3813 824 3872 tamen
868 3828 935 3872 nou
973 3808 1093 3893 ubique
1126 3808 1288 3873 sensibilis
1326 3808 1381 3890 sit,
1418 3808 1506 3874 siout

452 3912 600 3998 exigitur
623 3911 658 3974 in
683 3909 743 3975 hirc
768 3908 928 3995 positione
940 3934 948 3989 3
972 3915 1007 3974 et
1029 3911 1116 3995 quod
1141 3912 1319 3976 secundum
1342 3911 1426 3977 hanc
1448 3934 1507 3998 po·

454 4015 607 4079 sitionem
630 4013 700 4079 brec
723 4016 864 4098 quatuor
887 4012 1049 4077 elemento
1071 4013 1210 4093 diversa,
1234 4013 1406 4079 secundom
1431 4035 1507 4079 sues

453 4116 647 4201 superficies,
679 4119 878 4180 concurrunt
901 4115 937 4179 in
970 4136 1073 4180 unum
1110 4116 1216 4180 locum
1255 4121 1291 4181 et
1323 4122 1439 4181 mutuo
1472 4139 1507 4182 se

452 4218 646 4293 alterantur,
672 4219 773 4282 donec
796 4217 856 4282 fiat
878 4218 1030 4282 mixtum.
1070 4217 1136 4283 Sed
1158 4218 1220 4283 hoc
1242 4219 1445 4305 reprobatur,
1468 4240 1507 4283 eo

452 4320 540 4403 quod
564 4319 592 4382 si
615 4321 817 4385 conveniunt
847 4325 928 4385 tunc
949 4322 1066 4387 fierent
1098 4327 1240 4408 quatuor
1273 4322 1385 4386 mixta.
1441 4322 1508 4387 Sed

452 4441 511 4483 nos
536 4420 712 4503 quaerimus
734 4423 980 4508 generationem
1004 4425 1102 4489 unius
1124 4424 1231 4489 mixti.

283 4506 443 4636 lliilionsof
497 4521 579 4586 Haec
617 4522 719 4607 igitur
757 4525 927 4609 generatio
959 4526 1052 4612 vulgi
1082 4528 1281 4592 medicorum
1321 4533 1356 4592 et
1389 4525 1508 4613 positio

283 4639 435 4690 ther‘reneh
455 4624 656 4690 naturalium
703 4624 936 4692 Parisiensium
983 4636 1034 4695 est
1078 4630 1167 4707 salso,
1214 4634 1348 4716 propter
1397 4650 1511 4695 causas
