<?xml version="1.0" encoding="UTF-8"?>
<!DOCTYPE html PUBLIC "-//W3C//DTD XHTML 1.0 Transitional//EN"
    "http://www.w3.org/TR/xhtml1/DTD/xhtml1-transitional.dtd">
<html xmlns="http://www.w3.org/1999/xhtml" xml:lang="en" lang="en">
 <head>
  <title>
</title>
<meta http-equiv="Content-Type" content="text/html;charset=utf-8" />
  <meta name='ocr-system' content='tesseract 3.04.00' />
  <meta name='ocr-capabilities' content='ocr_page ocr_carea ocr_par ocr_line ocrx_word'/>
</head>
<body>
  <div class='ocr_page' id='page_1' title='image "./operaqudamhacte00bacogoog_0593.png"; bbox 0 0 3586 5640; ppageno 0'>
   <div class='ocr_carea' id='block_1_1' title="bbox 304 759 1359 856">
    <p class='ocr_par' dir='ltr' id='par_1_1' title="bbox 304 759 1359 856">
     <span class='ocr_line' id='line_1_1' title="bbox 304 759 1359 856; baseline -0.004 -22"><span class='ocrx_word' id='word_1_1' title='bbox 304 766 397 856; x_wconf 72' lang='grc' dir='ltr'><strong>πη]</strong></span> <span class='ocrx_word' id='word_1_2' title='bbox 641 778 873 831; x_wconf 68' lang='lat' dir='ltr'><strong>commun</strong></span> <span class='ocrx_word' id='word_1_3' title='bbox 895 778 1022 832; x_wconf 77' lang='lat' dir='ltr'><strong>eroon</strong></span> <span class='ocrx_word' id='word_1_4' title='bbox 1292 759 1359 835; x_wconf 74' lang='lat'><strong>479</strong></span> 
     </span>
    </p>
   </div>
   <div class='ocr_carea' id='block_1_2' title="bbox 275 953 1366 3089">
    <p class='ocr_par' dir='ltr' id='par_1_2' title="bbox 275 953 1366 3089">
     <span class='ocr_line' id='line_1_2' title="bbox 304 953 1360 1045; baseline -0.005 -21"><span class='ocrx_word' id='word_1_5' title='bbox 304 958 382 1045; x_wconf 83' lang='lat' dir='ltr'><strong>quio</strong></span> <span class='ocrx_word' id='word_1_6' title='bbox 403 955 440 1022; x_wconf 94' lang='lat' dir='ltr'><strong>in</strong></span> <span class='ocrx_word' id='word_1_7' title='bbox 467 954 626 1021; x_wconf 82' lang='lat' dir='ltr'><strong>Peelteric</strong></span> <span class='ocrx_word' id='word_1_8' title='bbox 648 953 707 1018; x_wconf 88' lang='lat' dir='ltr'><strong>ubi</strong></span> <span class='ocrx_word' id='word_1_9' title='bbox 729 975 789 1019; x_wconf 84' lang='lat' dir='ltr'><strong>nos</strong></span> <span class='ocrx_word' id='word_1_10' title='bbox 819 953 976 1020; x_wconf 79' lang='lat' dir='ltr'><strong>hebemus</strong></span> <span class='ocrx_word' id='word_1_11' title='bbox 1009 954 1143 1020; x_wconf 75' lang='lat' dir='ltr'><strong>laudate</strong></span> <span class='ocrx_word' id='word_1_12' title='bbox 1168 953 1360 1035; x_wconf 86' lang='lat' dir='ltr'><strong>Dominum,</strong></span> 
     </span>
     <span class='ocr_line' id='line_1_3' title="bbox 303 1055 1360 1143; baseline -0.004 -17"><span class='ocrx_word' id='word_1_13' title='bbox 303 1061 445 1126; x_wconf 81' lang='lat' dir='ltr'><strong>hebetur</strong></span> <span class='ocrx_word' id='word_1_14' title='bbox 474 1059 510 1123; x_wconf 91' lang='lat' dir='ltr'><strong>in</strong></span> <span class='ocrx_word' id='word_1_15' title='bbox 537 1057 681 1123; x_wconf 88' lang='lat' dir='ltr'><strong>Hebraeo</strong></span> <span class='ocrx_word' id='word_1_16' title='bbox 704 1055 863 1143; x_wconf 70' lang='lat' dir='ltr'><strong>alleluya.</strong></span> <span class='ocrx_word' id='word_1_17' title='bbox 910 1055 1071 1124; x_wconf 74' lang='lat' dir='ltr'>Similiter</span> <span class='ocrx_word' id='word_1_18' title='bbox 1093 1058 1130 1121; x_wconf 90' lang='lat' dir='ltr'><strong>in</strong></span> <span class='ocrx_word' id='word_1_19' title='bbox 1153 1057 1221 1123; x_wconf 84' lang='lat' dir='ltr'><strong>Job</strong></span> <span class='ocrx_word' id='word_1_20' title='bbox 1243 1056 1360 1122; x_wconf 83' lang='lat' dir='ltr'><strong>xxxvi.</strong></span> 
     </span>
     <span class='ocr_line' id='line_1_4' title="bbox 306 1157 1362 1252; baseline -0.005 -23"><span class='ocrx_word' id='word_1_21' title='bbox 306 1163 400 1252; x_wconf 78' lang='lat'>[32.]‚</span> <span class='ocrx_word' id='word_1_22' title='bbox 448 1161 526 1226; x_wconf 73' lang='lat' dir='ltr'><strong>“Ic</strong></span> <span class='ocrx_word' id='word_1_23' title='bbox 554 1157 720 1224; x_wconf 64' lang='lat' dir='ltr'><strong>montbotr</strong></span> <span class='ocrx_word' id='word_1_24' title='bbox 757 1158 929 1224; x_wconf 73' lang='lat' dir='ltr'><strong>abscondit</strong></span> <span class='ocrx_word' id='word_1_25' title='bbox 962 1159 1068 1229; x_wconf 85' lang='lat' dir='ltr'><strong>lucem</strong></span> <span class='ocrx_word' id='word_1_26' title='bbox 1083 1157 1112 1223; x_wconf 87' lang='lat'><strong>:&#39;&#39;</strong></span> <span class='ocrx_word' id='word_1_27' title='bbox 1145 1160 1289 1225; x_wconf 88' lang='lat' dir='ltr'><strong>nescitur</strong></span> <span class='ocrx_word' id='word_1_28' title='bbox 1319 1181 1362 1224; x_wconf 82' lang='lat' dir='ltr'><strong>un</strong></span> 
     </span>
     <span class='ocr_line' id='line_1_5' title="bbox 304 1262 1363 1349; baseline -0.004 -18"><span class='ocrx_word' id='word_1_29' title='bbox 304 1267 371 1331; x_wconf 80' lang='lat' dir='ltr'><strong>sint</strong></span> <span class='ocrx_word' id='word_1_30' title='bbox 409 1262 483 1329; x_wconf 89' lang='lat' dir='ltr'><strong>duae</strong></span> <span class='ocrx_word' id='word_1_31' title='bbox 521 1263 689 1340; x_wconf 70' lang='lat' dir='ltr'><strong>dictiones,</strong></span> <span class='ocrx_word' id='word_1_32' title='bbox 729 1284 803 1327; x_wconf 87' lang='lat' dir='ltr'><strong>curn</strong></span> <span class='ocrx_word' id='word_1_33' title='bbox 841 1262 878 1326; x_wconf 91' lang='lat' dir='ltr'><strong>in</strong></span> <span class='ocrx_word' id='word_1_34' title='bbox 918 1262 1150 1349; x_wconf 74' lang='lat' dir='ltr'>praepositione</span> <span class='ocrx_word' id='word_1_35' title='bbox 1191 1279 1265 1328; x_wconf 89' lang='lat' dir='ltr'><strong>cum</strong></span> <span class='ocrx_word' id='word_1_36' title='bbox 1304 1283 1363 1327; x_wconf 83' lang='lat' dir='ltr'><strong>suo</strong></span> 
     </span>
     <span class='ocr_line' id='line_1_6' title="bbox 304 1363 1363 1451; baseline -0.005 -18"><span class='ocrx_word' id='word_1_37' title='bbox 304 1369 425 1434; x_wconf 68' lang='lat' dir='ltr'><strong>corneli</strong></span> <span class='ocrx_word' id='word_1_38' title='bbox 451 1367 486 1430; x_wconf 93' lang='lat' dir='ltr'><strong>in</strong></span> <span class='ocrx_word' id='word_1_39' title='bbox 510 1366 630 1430; x_wconf 76' lang='lat' dir='ltr'><strong>Latino</strong></span> <span class='ocrx_word' id='word_1_40' title='bbox 663 1384 731 1429; x_wconf 91' lang='lat' dir='ltr'><strong>non</strong></span> <span class='ocrx_word' id='word_1_41' title='bbox 765 1369 875 1451; x_wconf 77' lang='lat' dir='ltr'><strong>potest</strong></span> <span class='ocrx_word' id='word_1_42' title='bbox 910 1363 1071 1450; x_wconf 75' lang='lat' dir='ltr'><strong>distingui</strong></span> <span class='ocrx_word' id='word_1_43' title='bbox 1103 1387 1146 1429; x_wconf 86' lang='lat' dir='ltr'><strong>an</strong></span> <span class='ocrx_word' id='word_1_44' title='bbox 1179 1364 1225 1430; x_wconf 82' lang='lat' dir='ltr'><strong>eit</strong></span> <span class='ocrx_word' id='word_1_45' title='bbox 1256 1364 1363 1430; x_wconf 88' lang='lat' dir='ltr'><strong>dotivl</strong></span> 
     </span>
     <span class='ocr_line' id='line_1_7' title="bbox 305 1465 1362 1554; baseline -0.002 -19"><span class='ocrx_word' id='word_1_46' title='bbox 305 1492 398 1535; x_wconf 71' lang='lat' dir='ltr'><strong>conus</strong></span> <span class='ocrx_word' id='word_1_47' title='bbox 432 1468 530 1554; x_wconf 85' lang='lat' dir='ltr'><strong>hujus</strong></span> <span class='ocrx_word' id='word_1_48' title='bbox 568 1467 710 1532; x_wconf 77' lang='lat' dir='ltr'><strong>nominis</strong></span> <span class='ocrx_word' id='word_1_49' title='bbox 737 1465 922 1546; x_wconf 49' lang='lat' dir='ltr'><strong>tremente·</strong></span> <span class='ocrx_word' id='word_1_50' title='bbox 960 1472 995 1532; x_wconf 92' lang='lat' dir='ltr'><strong>et</strong></span> <span class='ocrx_word' id='word_1_51' title='bbox 1030 1467 1105 1531; x_wconf 87' lang='lat' dir='ltr'><strong>ideo</strong></span> <span class='ocrx_word' id='word_1_52' title='bbox 1134 1467 1251 1532; x_wconf 77' lang='lat' dir='ltr'><strong>beetur</strong></span> <span class='ocrx_word' id='word_1_53' title='bbox 1282 1467 1362 1534; x_wconf 85' lang='lat' dir='ltr'><strong>Gre-</strong></span> 
     </span>
     <span class='ocr_line' id='line_1_8' title="bbox 304 1569 1362 1659; baseline -0.002 -23"><span class='ocrx_word' id='word_1_54' title='bbox 304 1573 414 1659; x_wconf 84' lang='lat' dir='ltr'><strong>gorius</strong></span> <span class='ocrx_word' id='word_1_55' title='bbox 446 1569 584 1656; x_wconf 82' lang='lat' dir='ltr'><strong>exponit</strong></span> <span class='ocrx_word' id='word_1_56' title='bbox 613 1574 755 1654; x_wconf 90' lang='lat' dir='ltr'><strong>utroque</strong></span> <span class='ocrx_word' id='word_1_57' title='bbox 788 1569 896 1649; x_wconf 89' lang='lat' dir='ltr'><strong>modo,</strong></span> <span class='ocrx_word' id='word_1_58' title='bbox 929 1590 1003 1633; x_wconf 89' lang='lat' dir='ltr'><strong>cum</strong></span> <span class='ocrx_word' id='word_1_59' title='bbox 1038 1575 1151 1634; x_wconf 78' lang='lat' dir='ltr'><strong>tamen</strong></span> <span class='ocrx_word' id='word_1_60' title='bbox 1182 1569 1362 1635; x_wconf 78' lang='lat' dir='ltr'><strong>secundum</strong></span> 
     </span>
     <span class='ocr_line' id='line_1_9' title="bbox 305 1665 1363 1740; baseline -0.003 1"><span class='ocrx_word' id='word_1_61' title='bbox 305 1665 456 1740; x_wconf 83' lang='lat' dir='ltr'><strong>Graecum</strong></span> <span class='ocrx_word' id='word_1_62' title='bbox 489 1679 523 1737; x_wconf 89' lang='lat' dir='ltr'><strong>et</strong></span> <span class='ocrx_word' id='word_1_63' title='bbox 554 1671 735 1736; x_wconf 83' lang='lat' dir='ltr'><strong>Hebraeum</strong></span> <span class='ocrx_word' id='word_1_64' title='bbox 767 1671 842 1737; x_wconf 84' lang='lat' dir='ltr'><strong>duae</strong></span> <span class='ocrx_word' id='word_1_65' title='bbox 876 1672 944 1736; x_wconf 80' lang='lat' dir='ltr'><strong>nint</strong></span> <span class='ocrx_word' id='word_1_66' title='bbox 976 1672 1145 1738; x_wconf 72' lang='lat' dir='ltr'><strong>dictiones.</strong></span> <span class='ocrx_word' id='word_1_67' title='bbox 1202 1672 1363 1738; x_wconf 74' lang='lat' dir='ltr'><strong>Similiter</strong></span> 
     </span>
     <span class='ocr_line' id='line_1_10' title="bbox 306 1770 1363 1863; baseline 0 -22"><span class='ocrx_word' id='word_1_68' title='bbox 306 1776 398 1842; x_wconf 78' lang='lat' dir='ltr'><strong>Erec.</strong></span> <span class='ocrx_word' id='word_1_69' title='bbox 429 1777 497 1840; x_wconf 83' lang='lat' dir='ltr'><strong>xxi.</strong></span> <span class='ocrx_word' id='word_1_70' title='bbox 523 1772 621 1863; x_wconf 75' lang='lat'><strong>[28.],</strong></span> <span class='ocrx_word' id='word_1_71' title='bbox 647 1781 664 1808; x_wconf 80' lang='lat'><strong>‘⁸</strong></span> <span class='ocrx_word' id='word_1_72' title='bbox 677 1774 792 1839; x_wconf 87' lang='lat' dir='ltr'><strong>Mucro</strong></span> <span class='ocrx_word' id='word_1_73' title='bbox 822 1770 998 1862; x_wconf 68' lang='lat' dir='ltr'><strong>evaginate</strong></span> <span class='ocrx_word' id='word_1_74' title='bbox 1012 1773 1053 1854; x_wconf 86' lang='lat'>;&#39;&#39;¹</span> <span class='ocrx_word' id='word_1_75' title='bbox 1080 1776 1137 1842; x_wconf 85' lang='lat' dir='ltr'><strong>sed</strong></span> <span class='ocrx_word' id='word_1_76' title='bbox 1158 1795 1226 1841; x_wconf 90' lang='lat' dir='ltr'><strong>non</strong></span> <span class='ocrx_word' id='word_1_77' title='bbox 1253 1779 1363 1863; x_wconf 76' lang='lat' dir='ltr'><strong>potest</strong></span> 
     </span>
     <span class='ocr_line' id='line_1_11' title="bbox 305 1877 1364 1965; baseline 0.001 -22"><span class='ocrx_word' id='word_1_78' title='bbox 305 1900 363 1965; x_wconf 87' lang='lat' dir='ltr'><strong>per</strong></span> <span class='ocrx_word' id='word_1_79' title='bbox 386 1878 543 1943; x_wconf 80' lang='lat' dir='ltr'><strong>Latinum</strong></span> <span class='ocrx_word' id='word_1_80' title='bbox 566 1877 641 1942; x_wconf 74' lang='lat' dir='ltr'><strong>sciri</strong></span> <span class='ocrx_word' id='word_1_81' title='bbox 662 1877 787 1942; x_wconf 80' lang='lat' dir='ltr'><strong>veritae</strong></span> <span class='ocrx_word' id='word_1_82' title='bbox 809 1898 930 1958; x_wconf 63' lang='lat' dir='ltr'><strong>censue</strong></span> <span class='ocrx_word' id='word_1_83' title='bbox 947 1899 1021 1944; x_wconf 88' lang='lat' dir='ltr'><strong>cum</strong></span> <span class='ocrx_word' id='word_1_84' title='bbox 1044 1884 1156 1944; x_wconf 83' lang='lat' dir='ltr'><strong>temen</strong></span> <span class='ocrx_word' id='word_1_85' title='bbox 1178 1879 1248 1944; x_wconf 77' lang='lat' dir='ltr'><strong>sint</strong></span> <span class='ocrx_word' id='word_1_86' title='bbox 1269 1894 1364 1944; x_wconf 79' lang='lat' dir='ltr'><strong>voce·</strong></span> 
     </span>
     <span class='ocr_line' id='line_1_12' title="bbox 305 1978 1363 2067; baseline -0.003 -19"><span class='ocrx_word' id='word_1_87' title='bbox 305 1982 369 2048; x_wconf 90' lang='lat' dir='ltr'><strong>tivi</strong></span> <span class='ocrx_word' id='word_1_88' title='bbox 385 2002 476 2046; x_wconf 80' lang='lat' dir='ltr'><strong>cuens</strong></span> <span class='ocrx_word' id='word_1_89' title='bbox 491 1981 579 2067; x_wconf 90' lang='lat' dir='ltr'><strong>quod</strong></span> <span class='ocrx_word' id='word_1_90' title='bbox 593 1984 689 2066; x_wconf 83' lang='lat' dir='ltr'><strong>patet</strong></span> <span class='ocrx_word' id='word_1_91' title='bbox 709 1978 746 2043; x_wconf 92' lang='lat' dir='ltr'><strong>in</strong></span> <span class='ocrx_word' id='word_1_92' title='bbox 762 1979 915 2058; x_wconf 87' lang='lat' dir='ltr'><strong>Hebraeo,</strong></span> <span class='ocrx_word' id='word_1_93' title='bbox 931 1986 1041 2067; x_wconf 78' lang='lat' dir='ltr'><strong>potest</strong></span> <span class='ocrx_word' id='word_1_94' title='bbox 1055 1984 1169 2047; x_wconf 82' lang='lat' dir='ltr'><strong>temen</strong></span> <span class='ocrx_word' id='word_1_95' title='bbox 1183 1981 1363 2047; x_wconf 79' lang='lat' dir='ltr'><strong>eorundum</strong></span> 
     </span>
     <span class='ocr_line' id='line_1_13' title="bbox 275 2078 1364 2169; baseline 0 -21"><span class='ocrx_word' id='word_1_96' title='bbox 275 2111 280 2116; x_wconf 88' lang='lat'><strong>·</strong></span> <span class='ocrx_word' id='word_1_97' title='bbox 303 2085 465 2148; x_wconf 76' lang='lat' dir='ltr'><strong>rationem</strong></span> <span class='ocrx_word' id='word_1_98' title='bbox 486 2082 576 2148; x_wconf 83' lang='lat' dir='ltr'><strong>vocis</strong></span> <span class='ocrx_word' id='word_1_99' title='bbox 609 2080 806 2167; x_wconf 79' lang='lat' dir='ltr'><strong>proferentis</strong></span> <span class='ocrx_word' id='word_1_100' title='bbox 828 2080 971 2169; x_wconf 78' lang='lat' dir='ltr'><strong>intelligi</strong></span> <span class='ocrx_word' id='word_1_101' title='bbox 1002 2078 1089 2169; x_wconf 91' lang='lat' dir='ltr'><strong>quod</strong></span> <span class='ocrx_word' id='word_1_102' title='bbox 1112 2080 1201 2148; x_wconf 68' lang='lat' dir='ltr'><strong>haec</strong></span> <span class='ocrx_word' id='word_1_103' title='bbox 1224 2084 1270 2148; x_wconf 83' lang='lat' dir='ltr'><strong>eit</strong></span> <span class='ocrx_word' id='word_1_104' title='bbox 1292 2102 1364 2148; x_wconf 83' lang='lat' dir='ltr'><strong>ver-</strong></span> 
     </span>
     <span class='ocr_line' id='line_1_14' title="bbox 305 2182 1364 2272; baseline 0.001 -23"><span class='ocrx_word' id='word_1_105' title='bbox 305 2186 385 2250; x_wconf 90' lang='lat' dir='ltr'><strong>bum</strong></span> <span class='ocrx_word' id='word_1_106' title='bbox 408 2190 442 2250; x_wconf 87' lang='lat' dir='ltr'><strong>et</strong></span> <span class='ocrx_word' id='word_1_107' title='bbox 464 2191 494 2250; x_wconf 82' lang='lat' dir='ltr'><strong>tc</strong></span> <span class='ocrx_word' id='word_1_108' title='bbox 516 2182 561 2249; x_wconf 81' lang='lat' dir='ltr'><strong>sit</strong></span> <span class='ocrx_word' id='word_1_109' title='bbox 582 2205 770 2270; x_wconf 86' lang='lat' dir='ltr'><strong>pronomen</strong></span> <span class='ocrx_word' id='word_1_110' title='bbox 819 2183 865 2249; x_wconf 84' lang='lat' dir='ltr'><strong>Et</strong></span> <span class='ocrx_word' id='word_1_111' title='bbox 887 2183 1040 2250; x_wconf 76' lang='lat' dir='ltr'><strong>similiter</strong></span> <span class='ocrx_word' id='word_1_112' title='bbox 1062 2185 1103 2250; x_wconf 89' lang='lat' dir='ltr'><strong>dc</strong></span> <span class='ocrx_word' id='word_1_113' title='bbox 1126 2186 1191 2250; x_wconf 86' lang='lat' dir='ltr'><strong>ulie</strong></span> <span class='ocrx_word' id='word_1_114' title='bbox 1215 2186 1364 2272; x_wconf 85' lang='lat' dir='ltr'><strong>exemplo</strong></span> 
     </span>
     <span class='ocr_line' id='line_1_15' title="bbox 306 2285 1364 2373; baseline 0 -21"><span class='ocrx_word' id='word_1_115' title='bbox 306 2287 395 2373; x_wconf 90' lang='lat' dir='ltr'><strong>quod</strong></span> <span class='ocrx_word' id='word_1_116' title='bbox 418 2286 516 2351; x_wconf 91' lang='lat' dir='ltr'><strong>multi</strong></span> <span class='ocrx_word' id='word_1_117' title='bbox 537 2285 783 2351; x_wconf 84' lang='lat' dir='ltr'><strong>intellexerunt.</strong></span> <span class='ocrx_word' id='word_1_118' title='bbox 829 2285 990 2352; x_wconf 83' lang='lat' dir='ltr'><strong>Similiter</strong></span> <span class='ocrx_word' id='word_1_119' title='bbox 1012 2287 1090 2352; x_wconf 88' lang='lat' dir='ltr'><strong>licet</strong></span> <span class='ocrx_word' id='word_1_120' title='bbox 1112 2287 1150 2351; x_wconf 91' lang='lat' dir='ltr'><strong>in</strong></span> <span class='ocrx_word' id='word_1_121' title='bbox 1172 2288 1364 2373; x_wconf 84' lang='lat' dir='ltr'><strong>pronuntie-</strong></span> 
     </span>
     <span class='ocr_line' id='line_1_16' title="bbox 306 2388 1366 2476; baseline 0 -22"><span class='ocrx_word' id='word_1_122' title='bbox 306 2392 398 2455; x_wconf 92' lang='lat' dir='ltr'><strong>tione</strong></span> <span class='ocrx_word' id='word_1_123' title='bbox 430 2388 669 2455; x_wconf 86' lang='lat' dir='ltr'><strong>determinetur</strong></span> <span class='ocrx_word' id='word_1_124' title='bbox 700 2408 786 2453; x_wconf 78' lang='lat' dir='ltr'><strong>unus</strong></span> <span class='ocrx_word' id='word_1_125' title='bbox 816 2409 929 2453; x_wconf 79' lang='lat' dir='ltr'><strong>senene</strong></span> <span class='ocrx_word' id='word_1_126' title='bbox 961 2409 1035 2454; x_wconf 87' lang='lat' dir='ltr'><strong>curn</strong></span> <span class='ocrx_word' id='word_1_127' title='bbox 1068 2388 1253 2476; x_wconf 75' lang='lat' dir='ltr'><strong>proferetur</strong></span> <span class='ocrx_word' id='word_1_128' title='bbox 1282 2390 1366 2455; x_wconf 92' lang='lat' dir='ltr'><strong>illud</strong></span> 
     </span>
     <span class='ocr_line' id='line_1_17' title="bbox 307 2488 1366 2579; baseline 0.001 -22"><span class='ocrx_word' id='word_1_129' title='bbox 307 2491 526 2557; x_wconf 81' lang='lat' dir='ltr'><strong>Ecclesiastici</strong></span> <span class='ocrx_word' id='word_1_130' title='bbox 572 2491 653 2555; x_wconf 83' lang='lat' dir='ltr'><strong>xlvi.</strong></span> <span class='ocrx_word' id='word_1_131' title='bbox 694 2488 795 2579; x_wconf 80' lang='lat'>[19.],</span> <span class='ocrx_word' id='word_1_132' title='bbox 837 2499 854 2526; x_wconf 83' lang='lat'><strong>‘¹</strong></span> <span class='ocrx_word' id='word_1_133' title='bbox 870 2490 944 2556; x_wconf 89' lang='lat' dir='ltr'><strong>Viri</strong></span> <span class='ocrx_word' id='word_1_134' title='bbox 989 2492 1140 2557; x_wconf 85' lang='lat' dir='ltr'><strong>inmoluti</strong></span> <span class='ocrx_word' id='word_1_135' title='bbox 1156 2490 1174 2517; x_wconf 89' lang='lat'><em>”</em></span> <span class='ocrx_word' id='word_1_136' title='bbox 1211 2512 1255 2557; x_wconf 86' lang='lat' dir='ltr'><strong>un</strong></span> <span class='ocrx_word' id='word_1_137' title='bbox 1292 2491 1366 2558; x_wconf 71' lang='lat' dir='ltr'><strong>cici</strong></span> 
     </span>
     <span class='ocr_line' id='line_1_18' title="bbox 305 2591 1364 2682; baseline -0.002 -22"><span class='ocrx_word' id='word_1_138' title='bbox 305 2592 493 2673; x_wconf 55' lang='lat' dir='ltr'><strong>enecuit·</strong></span> <span class='ocrx_word' id='word_1_139' title='bbox 517 2597 630 2657; x_wconf 82' lang='lat' dir='ltr'><strong>tomen</strong></span> <span class='ocrx_word' id='word_1_140' title='bbox 653 2592 811 2677; x_wconf 82' lang='lat' dir='ltr'><strong>quonium</strong></span> <span class='ocrx_word' id='word_1_141' title='bbox 836 2591 879 2657; x_wconf 77' lang='lat' dir='ltr'><strong>od</strong></span> <span class='ocrx_word' id='word_1_142' title='bbox 903 2592 1108 2681; x_wconf 80' lang='lat' dir='ltr'><strong>Scriptorum</strong></span> <span class='ocrx_word' id='word_1_143' title='bbox 1130 2595 1248 2659; x_wconf 77' lang='lat' dir='ltr'><strong>saltem</strong></span> <span class='ocrx_word' id='word_1_144' title='bbox 1265 2595 1364 2682; x_wconf 80' lang='lat' dir='ltr'><strong>eurip-</strong></span> 
     </span>
     <span class='ocr_line' id='line_1_19' title="bbox 307 2695 1366 2784; baseline 0.001 -22"><span class='ocrx_word' id='word_1_145' title='bbox 307 2703 417 2762; x_wconf 91' lang='lat' dir='ltr'><strong>torum</strong></span> <span class='ocrx_word' id='word_1_146' title='bbox 442 2695 623 2782; x_wconf 78' lang='lat' dir='ltr'><strong>vulgatam,</strong></span> <span class='ocrx_word' id='word_1_147' title='bbox 648 2715 716 2760; x_wconf 88' lang='lat' dir='ltr'><strong>non</strong></span> <span class='ocrx_word' id='word_1_148' title='bbox 741 2695 781 2761; x_wconf 91' lang='lat' dir='ltr'><strong>de</strong></span> <span class='ocrx_word' id='word_1_149' title='bbox 808 2695 897 2762; x_wconf 82' lang='lat' dir='ltr'><strong>facili</strong></span> <span class='ocrx_word' id='word_1_150' title='bbox 919 2698 1119 2784; x_wconf 87' lang='lat' dir='ltr'><strong>percipietur</strong></span> <span class='ocrx_word' id='word_1_151' title='bbox 1143 2718 1186 2761; x_wconf 80' lang='lat' dir='ltr'><strong>an</strong></span> <span class='ocrx_word' id='word_1_152' title='bbox 1209 2697 1257 2762; x_wconf 89' lang='lat' dir='ltr'><strong>ibi</strong></span> <span class='ocrx_word' id='word_1_153' title='bbox 1280 2703 1366 2763; x_wconf 76' lang='lat' dir='ltr'><strong>esset</strong></span> 
     </span>
     <span class='ocr_line' id='line_1_20' title="bbox 305 2796 1364 2884; baseline 0 -19"><span class='ocrx_word' id='word_1_154' title='bbox 305 2799 378 2865; x_wconf 81' lang='lat' dir='ltr'><strong>uiri</strong></span> <span class='ocrx_word' id='word_1_155' title='bbox 400 2797 574 2876; x_wconf 72' lang='lat' dir='ltr'><strong>trtwwluti,</strong></span> <span class='ocrx_word' id='word_1_156' title='bbox 596 2820 640 2863; x_wconf 82' lang='lat' dir='ltr'><strong>en</strong></span> <span class='ocrx_word' id='word_1_157' title='bbox 663 2797 736 2863; x_wconf 77' lang='lat' dir='ltr'><strong>ciri</strong></span> <span class='ocrx_word' id='word_1_158' title='bbox 759 2796 927 2864; x_wconf 69' lang='lat' dir='ltr'><strong>inviolati</strong></span> <span class='ocrx_word' id='word_1_159' title='bbox 938 2820 952 2878; x_wconf 77' lang='lat'><strong>,⁶</strong></span> <span class='ocrx_word' id='word_1_160' title='bbox 976 2799 1054 2884; x_wconf 81' lang='lat' dir='ltr'><strong>quie</strong></span> <span class='ocrx_word' id='word_1_161' title='bbox 1076 2805 1144 2864; x_wconf 79' lang='lat' dir='ltr'><strong>tres</strong></span> <span class='ocrx_word' id='word_1_162' title='bbox 1166 2799 1262 2865; x_wconf 86' lang='lat' dir='ltr'><strong>lineae</strong></span> <span class='ocrx_word' id='word_1_163' title='bbox 1284 2808 1364 2865; x_wconf 81' lang='lat' dir='ltr'><strong>eunt</strong></span> 
     </span>
     <span class='ocr_line' id='line_1_21' title="bbox 306 2899 1364 2978; baseline -0.002 -11"><span class='ocrx_word' id='word_1_164' title='bbox 306 2903 343 2967; x_wconf 93' lang='lat' dir='ltr'><strong>in</strong></span> <span class='ocrx_word' id='word_1_165' title='bbox 364 2924 401 2967; x_wconf 81' lang='lat' dir='ltr'><em>m</em></span> <span class='ocrx_word' id='word_1_166' title='bbox 423 2900 521 2967; x_wconf 81' lang='lat' dir='ltr'><strong>litero</strong></span> <span class='ocrx_word' id='word_1_167' title='bbox 542 2901 630 2966; x_wconf 81' lang='lat' dir='ltr'><strong>sicut</strong></span> <span class='ocrx_word' id='word_1_168' title='bbox 658 2901 696 2964; x_wconf 91' lang='lat' dir='ltr'><strong>in</strong></span> <span class='ocrx_word' id='word_1_169' title='bbox 719 2920 740 2965; x_wconf 84' lang='lat' dir='ltr'><em>v</em></span> <span class='ocrx_word' id='word_1_170' title='bbox 771 2905 806 2964; x_wconf 88' lang='lat' dir='ltr'><strong>et</strong></span> <span class='ocrx_word' id='word_1_171' title='bbox 827 2899 854 2978; x_wconf 81' lang='lat' dir='ltr'><strong>i,</strong></span> <span class='ocrx_word' id='word_1_172' title='bbox 878 2905 913 2965; x_wconf 88' lang='lat' dir='ltr'><strong>et</strong></span> <span class='ocrx_word' id='word_1_173' title='bbox 935 2901 1034 2964; x_wconf 89' lang='lat' dir='ltr'><strong>multi</strong></span> <span class='ocrx_word' id='word_1_174' title='bbox 1062 2906 1174 2965; x_wconf 85' lang='lat' dir='ltr'><strong>errant</strong></span> <span class='ocrx_word' id='word_1_175' title='bbox 1195 2901 1251 2965; x_wconf 91' lang='lat' dir='ltr'><strong>ibi.</strong></span> <span class='ocrx_word' id='word_1_176' title='bbox 1298 2901 1364 2965; x_wconf 81' lang='lat' dir='ltr'><strong>Sed</strong></span> 
     </span>
     <span class='ocr_line' id='line_1_22' title="bbox 308 3000 1364 3089; baseline -0.002 -19"><span class='ocrx_word' id='word_1_177' title='bbox 308 3005 472 3071; x_wconf 85' lang='lat' dir='ltr'><strong>certitudo</strong></span> <span class='ocrx_word' id='word_1_178' title='bbox 505 3007 599 3089; x_wconf 85' lang='lat' dir='ltr'><strong>potet</strong></span> <span class='ocrx_word' id='word_1_179' title='bbox 640 3023 682 3066; x_wconf 87' lang='lat' dir='ltr'><strong>ex</strong></span> <span class='ocrx_word' id='word_1_180' title='bbox 715 3001 838 3078; x_wconf 73' lang='lat' dir='ltr'><strong>Graeco</strong></span> <span class='ocrx_word' id='word_1_181' title='bbox 877 3000 967 3086; x_wconf 89' lang='lat' dir='ltr'><strong>qnod</strong></span> <span class='ocrx_word' id='word_1_182' title='bbox 997 3023 1056 3087; x_wconf 91' lang='lat' dir='ltr'><strong>per</strong></span> <span class='ocrx_word' id='word_1_183' title='bbox 1086 3022 1108 3067; x_wconf 82' lang='lat' dir='ltr'><strong>u</strong></span> <span class='ocrx_word' id='word_1_184' title='bbox 1139 3007 1173 3066; x_wconf 89' lang='lat' dir='ltr'><strong>et</strong></span> <span class='ocrx_word' id='word_1_185' title='bbox 1209 3001 1227 3066; x_wconf 80' lang='lat' dir='ltr'><strong>i</strong></span> <span class='ocrx_word' id='word_1_186' title='bbox 1264 3003 1364 3068; x_wconf 87' lang='lat' dir='ltr'><strong>debet</strong></span> 
     </span>
    </p>
   </div>
   <div class='ocr_carea' id='block_1_3' title="bbox 307 3100 1441 3188">
    <p class='ocr_par' dir='ltr' id='par_1_3' title="bbox 307 3100 1441 3188">
     <span class='ocr_line' id='line_1_23' title="bbox 307 3100 1441 3188; baseline -0.005 -16"><span class='ocrx_word' id='word_1_187' title='bbox 307 3105 411 3172; x_wconf 85' lang='lat' dir='ltr'><strong>ocribi.</strong></span> <span class='ocrx_word' id='word_1_188' title='bbox 458 3103 619 3170; x_wconf 87' lang='lat' dir='ltr'><strong>Similiter</strong></span> <span class='ocrx_word' id='word_1_189' title='bbox 648 3101 765 3166; x_wconf 83' lang='lat' dir='ltr'><strong>xxviii.</strong></span> <span class='ocrx_word' id='word_1_190' title='bbox 807 3102 892 3188; x_wconf 87' lang='lat'><strong>[19.]</strong></span> <span class='ocrx_word' id='word_1_191' title='bbox 931 3101 1077 3187; x_wconf 83' lang='lat' dir='ltr'><strong>ejusdem</strong></span> <span class='ocrx_word' id='word_1_192' title='bbox 1106 3100 1183 3167; x_wconf 85' lang='lat' dir='ltr'><strong>libri</strong></span> <span class='ocrx_word' id='word_1_193' title='bbox 1212 3103 1362 3182; x_wconf 82' lang='lat' dir='ltr'><strong>hebetur,</strong></span> <span class='ocrx_word' id='word_1_194' title='bbox 1436 3129 1441 3140; x_wconf 94' lang='lat'>·</span> 
     </span>
    </p>
   </div>
   <div class='ocr_carea' id='block_1_4' title="bbox 307 3203 1368 4424">
    <p class='ocr_par' dir='ltr' id='par_1_4' title="bbox 307 3203 1368 4218">
     <span class='ocr_line' id='line_1_24' title="bbox 307 3203 1365 3285; baseline -0.004 -11"><span class='ocrx_word' id='word_1_195' title='bbox 307 3208 470 3274; x_wconf 68' lang='lat' dir='ltr'><strong>mulieres</strong></span> <span class='ocrx_word' id='word_1_196' title='bbox 490 3205 624 3270; x_wconf 73' lang='lat' dir='ltr'><strong>ciratus</strong></span> <span class='ocrx_word' id='word_1_197' title='bbox 646 3203 829 3268; x_wconf 83' lang='lat' dir='ltr'><strong>secundum</strong></span> <span class='ocrx_word' id='word_1_198' title='bbox 847 3203 1000 3270; x_wconf 86' lang='lat' dir='ltr'><strong>Graecum</strong></span> <span class='ocrx_word' id='word_1_199' title='bbox 1023 3207 1058 3270; x_wconf 91' lang='lat' dir='ltr'><strong>et</strong></span> <span class='ocrx_word' id='word_1_200' title='bbox 1079 3204 1257 3285; x_wconf 77' lang='lat' dir='ltr'><strong>secundum</strong></span> <span class='ocrx_word' id='word_1_201' title='bbox 1280 3207 1365 3271; x_wconf 73' lang='lat' dir='ltr'><strong>reri-</strong></span> 
     </span>
     <span class='ocr_line' id='line_1_25' title="bbox 308 3306 1364 3393; baseline -0.002 -17"><span class='ocrx_word' id='word_1_202' title='bbox 308 3316 421 3376; x_wconf 82' lang='lat' dir='ltr'><strong>tatcm.</strong></span> <span class='ocrx_word' id='word_1_203' title='bbox 468 3307 557 3372; x_wconf 84' lang='lat' dir='ltr'><strong>Nem</strong></span> <span class='ocrx_word' id='word_1_204' title='bbox 580 3308 615 3371; x_wconf 90' lang='lat' dir='ltr'><strong>in</strong></span> <span class='ocrx_word' id='word_1_205' title='bbox 640 3306 755 3371; x_wconf 70' lang='lat' dir='ltr'><strong>Graeco</strong></span> <span class='ocrx_word' id='word_1_206' title='bbox 784 3311 834 3371; x_wconf 85' lang='lat' dir='ltr'><strong>cet</strong></span> <span class='ocrx_word' id='word_1_207' title='bbox 863 3307 1021 3387; x_wconf 77' lang='lat' dir='ltr'><strong>andreae,</strong></span> <span class='ocrx_word' id='word_1_208' title='bbox 1049 3308 1137 3393; x_wconf 90' lang='lat' dir='ltr'><strong>quod</strong></span> <span class='ocrx_word' id='word_1_209' title='bbox 1169 3309 1290 3374; x_wconf 84' lang='lat' dir='ltr'><strong>dicitur</strong></span> <span class='ocrx_word' id='word_1_210' title='bbox 1320 3308 1364 3374; x_wconf 84' lang='lat' dir='ltr'><strong>eb</strong></span> 
     </span>
     <span class='ocr_line' id='line_1_26' title="bbox 308 3407 1362 3495; baseline -0.002 -17"><span class='ocrx_word' id='word_1_211' title='bbox 308 3433 403 3489; x_wconf 75' lang='lat' dir='ltr'><strong>occec,</strong></span> <span class='ocrx_word' id='word_1_212' title='bbox 436 3410 535 3495; x_wconf 74' lang='lat' dir='ltr'><strong>hujus</strong></span> <span class='ocrx_word' id='word_1_213' title='bbox 570 3407 707 3487; x_wconf 73' lang='lat' dir='ltr'><strong>ocudroc,</strong></span> <span class='ocrx_word' id='word_1_214' title='bbox 742 3409 829 3494; x_wconf 89' lang='lat' dir='ltr'><strong>quod</strong></span> <span class='ocrx_word' id='word_1_215' title='bbox 860 3414 911 3474; x_wconf 80' lang='lat' dir='ltr'><strong>eet</strong></span> <span class='ocrx_word' id='word_1_216' title='bbox 940 3410 1002 3474; x_wconf 86' lang='lat' dir='ltr'><strong>vir.</strong></span> <span class='ocrx_word' id='word_1_217' title='bbox 1058 3410 1125 3476; x_wconf 87' lang='lat' dir='ltr'><strong>Sed</strong></span> <span class='ocrx_word' id='word_1_218' title='bbox 1154 3417 1267 3478; x_wconf 82' lang='lat' dir='ltr'><strong>tomen</strong></span> <span class='ocrx_word' id='word_1_219' title='bbox 1293 3430 1362 3476; x_wconf 87' lang='lat' dir='ltr'><strong>mo-</strong></span> 
     </span>
     <span class='ocr_line' id='line_1_27' title="bbox 308 3510 1364 3600; baseline -0.003 -19"><span class='ocrx_word' id='word_1_220' title='bbox 308 3515 402 3581; x_wconf 90' lang='lat' dir='ltr'><strong>derni</strong></span> <span class='ocrx_word' id='word_1_221' title='bbox 424 3511 617 3598; x_wconf 84' lang='lat' dir='ltr'><strong>intelligunt</strong></span> <span class='ocrx_word' id='word_1_222' title='bbox 639 3510 688 3575; x_wconf 91' lang='lat' dir='ltr'><strong>ibi</strong></span> <span class='ocrx_word' id='word_1_223' title='bbox 712 3510 864 3596; x_wconf 76' lang='lat' dir='ltr'><strong>juratae,</strong></span> <span class='ocrx_word' id='word_1_224' title='bbox 890 3512 1020 3598; x_wconf 87' lang='lat' dir='ltr'><strong>decepti</strong></span> <span class='ocrx_word' id='word_1_225' title='bbox 1043 3533 1086 3578; x_wconf 89' lang='lat' dir='ltr'><strong>ex</strong></span> <span class='ocrx_word' id='word_1_226' title='bbox 1116 3513 1177 3579; x_wconf 89' lang='lat' dir='ltr'><strong>hoc</strong></span> <span class='ocrx_word' id='word_1_227' title='bbox 1200 3514 1289 3600; x_wconf 87' lang='lat' dir='ltr'><strong>quod</strong></span> <span class='ocrx_word' id='word_1_228' title='bbox 1311 3513 1364 3579; x_wconf 88' lang='lat' dir='ltr'><strong>tot</strong></span> 
     </span>
     <span class='ocr_line' id='line_1_28' title="bbox 307 3612 1364 3701; baseline -0.002 -19"><span class='ocrx_word' id='word_1_229' title='bbox 307 3617 413 3682; x_wconf 82' lang='lat' dir='ltr'><strong>literae</strong></span> <span class='ocrx_word' id='word_1_230' title='bbox 435 3619 514 3679; x_wconf 86' lang='lat' dir='ltr'><strong>sunt</strong></span> <span class='ocrx_word' id='word_1_231' title='bbox 535 3612 715 3678; x_wconf 82' lang='lat' dir='ltr'><strong>secundum</strong></span> <span class='ocrx_word' id='word_1_232' title='bbox 732 3612 942 3700; x_wconf 80' lang='lat' dir='ltr'><strong>Scripturem</strong></span> <span class='ocrx_word' id='word_1_233' title='bbox 964 3635 1170 3680; x_wconf 89' lang='lat' dir='ltr'><strong>communem</strong></span> <span class='ocrx_word' id='word_1_234' title='bbox 1192 3616 1228 3679; x_wconf 91' lang='lat' dir='ltr'><strong>in</strong></span> <span class='ocrx_word' id='word_1_235' title='bbox 1250 3616 1364 3701; x_wconf 76' lang='lat' dir='ltr'><strong>hujuc-</strong></span> 
     </span>
     <span class='ocr_line' id='line_1_29' title="bbox 308 3716 1365 3802; baseline 0 -18"><span class='ocrx_word' id='word_1_236' title='bbox 308 3719 400 3784; x_wconf 91' lang='lat' dir='ltr'><strong>modi</strong></span> <span class='ocrx_word' id='word_1_237' title='bbox 425 3716 584 3782; x_wconf 82' lang='lat' dir='ltr'><strong>vocabulo</strong></span> <span class='ocrx_word' id='word_1_238' title='bbox 608 3716 756 3802; x_wconf 61' lang='lat' dir='ltr'><strong>jurmero,</strong></span> <span class='ocrx_word' id='word_1_239' title='bbox 780 3717 869 3782; x_wconf 87' lang='lat' dir='ltr'><strong>eicnt</strong></span> <span class='ocrx_word' id='word_1_240' title='bbox 892 3716 928 3782; x_wconf 92' lang='lat' dir='ltr'><strong>in</strong></span> <span class='ocrx_word' id='word_1_241' title='bbox 954 3717 1016 3782; x_wconf 89' lang='lat' dir='ltr'><strong>hoc</strong></span> <span class='ocrx_word' id='word_1_242' title='bbox 1038 3717 1176 3783; x_wconf 75' lang='lat' dir='ltr'><strong>viratus.</strong></span> <span class='ocrx_word' id='word_1_243' title='bbox 1222 3718 1269 3783; x_wconf 88' lang='lat' dir='ltr'><strong>Et</strong></span> <span class='ocrx_word' id='word_1_244' title='bbox 1290 3718 1365 3784; x_wconf 90' lang='lat' dir='ltr'><strong>ideo</strong></span> 
     </span>
     <span class='ocr_line' id='line_1_30' title="bbox 309 3819 1362 3906; baseline -0.004 -18"><span class='ocrx_word' id='word_1_245' title='bbox 309 3819 472 3888; x_wconf 85' lang='lat' dir='ltr'><strong>certitudo</strong></span> <span class='ocrx_word' id='word_1_246' title='bbox 510 3838 624 3884; x_wconf 77' lang='lat' dir='ltr'><strong>oeneus</strong></span> <span class='ocrx_word' id='word_1_247' title='bbox 660 3819 733 3883; x_wconf 89' lang='lat' dir='ltr'><strong>fieri</strong></span> <span class='ocrx_word' id='word_1_248' title='bbox 767 3840 835 3883; x_wconf 92' lang='lat' dir='ltr'><strong>non</strong></span> <span class='ocrx_word' id='word_1_249' title='bbox 878 3824 989 3906; x_wconf 82' lang='lat' dir='ltr'><strong>potest</strong></span> <span class='ocrx_word' id='word_1_250' title='bbox 1019 3821 1084 3885; x_wconf 75' lang='lat' dir='ltr'><strong>nini</strong></span> <span class='ocrx_word' id='word_1_251' title='bbox 1115 3840 1175 3906; x_wconf 88' lang='lat' dir='ltr'><strong>per</strong></span> <span class='ocrx_word' id='word_1_252' title='bbox 1203 3820 1362 3897; x_wconf 75' lang='lat' dir='ltr'><strong>Groemrm,</strong></span> 
     </span>
     <span class='ocr_line' id='line_1_31' title="bbox 311 3921 1362 4011; baseline -0.002 -21"><span class='ocrx_word' id='word_1_253' title='bbox 311 3926 390 4011; x_wconf 80' lang='lat' dir='ltr'><strong>quie</strong></span> <span class='ocrx_word' id='word_1_254' title='bbox 421 3922 544 3989; x_wconf 83' lang='lat' dir='ltr'><strong>vitium</strong></span> <span class='ocrx_word' id='word_1_255' title='bbox 575 3927 626 3987; x_wconf 80' lang='lat' dir='ltr'><strong>est</strong></span> <span class='ocrx_word' id='word_1_256' title='bbox 662 3921 700 3986; x_wconf 94' lang='lat' dir='ltr'><strong>in</strong></span> <span class='ocrx_word' id='word_1_257' title='bbox 738 3922 886 4007; x_wconf 80' lang='lat' dir='ltr'><strong>antiquie</strong></span> <span class='ocrx_word' id='word_1_258' title='bbox 916 3921 1043 4000; x_wconf 78' lang='lat' dir='ltr'><strong>Bibliu,</strong></span> <span class='ocrx_word' id='word_1_259' title='bbox 1070 3923 1156 3987; x_wconf 81' lang='lat' dir='ltr'><strong>oicut</strong></span> <span class='ocrx_word' id='word_1_260' title='bbox 1185 3923 1223 3985; x_wconf 92' lang='lat' dir='ltr'><strong>in</strong></span> <span class='ocrx_word' id='word_1_261' title='bbox 1257 3922 1362 3988; x_wconf 78' lang='lat' dir='ltr'><strong>novis.</strong></span> 
     </span>
     <span class='ocr_line' id='line_1_32' title="bbox 309 4022 1368 4114; baseline 0.003 -23"><span class='ocrx_word' id='word_1_262' title='bbox 309 4027 403 4091; x_wconf 81' lang='lat' dir='ltr'><strong>Tolio</strong></span> <span class='ocrx_word' id='word_1_263' title='bbox 424 4044 508 4114; x_wconf 88' lang='lat' dir='ltr'><strong>pene</strong></span> <span class='ocrx_word' id='word_1_264' title='bbox 530 4024 664 4089; x_wconf 82' lang='lat' dir='ltr'><strong>infinito</strong></span> <span class='ocrx_word' id='word_1_265' title='bbox 685 4028 765 4090; x_wconf 84' lang='lat' dir='ltr'><strong>eunt</strong></span> <span class='ocrx_word' id='word_1_266' title='bbox 787 4022 825 4089; x_wconf 91' lang='lat' dir='ltr'><strong>in</strong></span> <span class='ocrx_word' id='word_1_267' title='bbox 851 4029 961 4106; x_wconf 83' lang='lat' dir='ltr'><strong>textu,</strong></span> <span class='ocrx_word' id='word_1_268' title='bbox 984 4045 1058 4111; x_wconf 84' lang='lat' dir='ltr'><strong>quoe</strong></span> <span class='ocrx_word' id='word_1_269' title='bbox 1086 4023 1249 4093; x_wconf 89' lang='lat' dir='ltr'><strong>inducunt</strong></span> <span class='ocrx_word' id='word_1_270' title='bbox 1272 4026 1368 4094; x_wconf 88' lang='lat' dir='ltr'><strong>theo·</strong></span> 
     </span>
     <span class='ocr_line' id='line_1_33' title="bbox 308 4130 629 4218; baseline -0.012 -24"><span class='ocrx_word' id='word_1_271' title='bbox 308 4130 400 4218; x_wconf 83' lang='lat' dir='ltr'><strong>logos</strong></span> <span class='ocrx_word' id='word_1_272' title='bbox 422 4130 459 4193; x_wconf 93' lang='lat' dir='ltr'><strong>in</strong></span> <span class='ocrx_word' id='word_1_273' title='bbox 480 4144 629 4194; x_wconf 86' lang='lat' dir='ltr'><strong>errorem.</strong></span> 
     </span>
    </p>

    <p class='ocr_par' dir='ltr' id='par_1_5' title="bbox 311 4227 1364 4424">
     <span class='ocr_line' id='line_1_34' title="bbox 354 4227 1363 4317; baseline 0.002 -20"><span class='ocrx_word' id='word_1_274' title='bbox 354 4231 500 4313; x_wconf 78' lang='lat' dir='ltr'><strong>Quintus</strong></span> <span class='ocrx_word' id='word_1_275' title='bbox 522 4229 640 4295; x_wconf 74' lang='lat' dir='ltr'><strong>modus</strong></span> <span class='ocrx_word' id='word_1_276' title='bbox 663 4233 714 4295; x_wconf 85' lang='lat' dir='ltr'><strong>eet</strong></span> <span class='ocrx_word' id='word_1_277' title='bbox 740 4229 829 4315; x_wconf 90' lang='lat' dir='ltr'><strong>qnod</strong></span> <span class='ocrx_word' id='word_1_278' title='bbox 858 4227 935 4294; x_wconf 76' lang='lat' dir='ltr'><strong>sciri</strong></span> <span class='ocrx_word' id='word_1_279' title='bbox 956 4250 1024 4295; x_wconf 91' lang='lat' dir='ltr'><strong>non</strong></span> <span class='ocrx_word' id='word_1_280' title='bbox 1053 4233 1164 4317; x_wconf 70' lang='lat' dir='ltr'><strong>potest</strong></span> <span class='ocrx_word' id='word_1_281' title='bbox 1185 4230 1227 4297; x_wconf 91' lang='lat' dir='ltr'><strong>de</strong></span> <span class='ocrx_word' id='word_1_282' title='bbox 1248 4232 1363 4300; x_wconf 78' lang='lat' dir='ltr'><strong>multis</strong></span> 
     </span>
     <span class='ocr_line' id='line_1_35' title="bbox 311 4331 1364 4424; baseline 0.006 -26"><span class='ocrx_word' id='word_1_283' title='bbox 311 4356 355 4399; x_wconf 83' lang='lat' dir='ltr'><strong>on</strong></span> <span class='ocrx_word' id='word_1_284' title='bbox 379 4334 448 4399; x_wconf 81' lang='lat' dir='ltr'><strong>eint</strong></span> <span class='ocrx_word' id='word_1_285' title='bbox 480 4333 522 4399; x_wconf 85' lang='lat' dir='ltr'><strong>de</strong></span> <span class='ocrx_word' id='word_1_286' title='bbox 544 4333 687 4401; x_wconf 81' lang='lat' dir='ltr'><strong>veritate</strong></span> <span class='ocrx_word' id='word_1_287' title='bbox 710 4331 884 4410; x_wconf 75' lang='lat' dir='ltr'><strong>Hebraico,</strong></span> <span class='ocrx_word' id='word_1_288' title='bbox 916 4354 960 4397; x_wconf 82' lang='lat' dir='ltr'><strong>an</strong></span> <span class='ocrx_word' id='word_1_289' title='bbox 990 4332 1034 4398; x_wconf 85' lang='lat' dir='ltr'><strong>ob</strong></span> <span class='ocrx_word' id='word_1_290' title='bbox 1062 4333 1252 4421; x_wconf 84' lang='lat' dir='ltr'><strong>interprete,</strong></span> <span class='ocrx_word' id='word_1_291' title='bbox 1276 4337 1364 4424; x_wconf 91' lang='lat' dir='ltr'><strong>qnod</strong></span> 
     </span>
    </p>
   </div>
   <div class='ocr_carea' id='block_1_5' title="bbox 504 4644 1178 4716">
    <p class='ocr_par' dir='ltr' id='par_1_6' title="bbox 504 4644 1178 4716">
     <span class='ocr_line' id='line_1_36' title="bbox 504 4644 1178 4716; baseline 0.006 -19"><span class='ocrx_word' id='word_1_292' title='bbox 504 4645 511 4676; x_wconf 91' lang='lat'>¹</span> <span class='ocrx_word' id='word_1_293' title='bbox 524 4645 664 4713; x_wconf 48' lang='lat' dir='ltr'><strong>menate]</strong></span> <span class='ocrx_word' id='word_1_294' title='bbox 683 4644 816 4713; x_wconf 64' lang='lat' dir='ltr'><strong>congium</strong></span> <span class='ocrx_word' id='word_1_295' title='bbox 827 4645 921 4711; x_wconf 53' lang='lat' dir='ltr'><strong>lunate,</strong></span> <span class='ocrx_word' id='word_1_296' title='bbox 932 4644 991 4701; x_wconf 76' lang='lat' dir='ltr'><strong>ils.</strong></span> <span class='ocrx_word' id='word_1_297' title='bbox 1025 4646 1074 4702; x_wconf 66' lang='lat' dir='ltr'><strong>eu</strong></span> <span class='ocrx_word' id='word_1_298' title='bbox 1084 4664 1109 4716; x_wconf 83' lang='lat' dir='ltr'><strong>p.</strong></span> <span class='ocrx_word' id='word_1_299' title='bbox 1121 4652 1178 4701; x_wconf 71' lang='lat' dir='ltr'><strong>m.</strong></span> 
     </span>
    </p>
   </div>
   <div class='ocr_carea' id='block_1_6' title="bbox 1374 4229 1520 4431">
    <p class='ocr_par' dir='ltr' id='par_1_7' title="bbox 1374 4229 1520 4431">
     <span class='ocr_line' id='line_1_37' title="bbox 1375 4229 1499 4295; baseline 0.016 -16"><span class='ocrx_word' id='word_1_300' title='bbox 1375 4229 1455 4295; x_wconf 65' lang='lat' dir='ltr'><strong>sely,</strong></span> <span class='ocrx_word' id='word_1_301' title='bbox 1467 4229 1499 4281; x_wconf 79' lang='lat' dir='ltr'><strong>of</strong></span> 
     </span>
     <span class='ocr_line' id='line_1_38' title="bbox 1375 4295 1520 4360; baseline 0.014 -14"><span class='ocrx_word' id='word_1_302' title='bbox 1375 4295 1520 4360; x_wconf 66' lang='lat' dir='ltr'><strong>interpected</strong></span> 
     </span>
     <span class='ocr_line' id='line_1_39' title="bbox 1374 4378 1498 4431; baseline 0.008 -1"><span class='ocrx_word' id='word_1_303' title='bbox 1374 4378 1498 4431; x_wconf 61' lang='lat' dir='ltr'><strong>W·</strong></span> 
     </span>
    </p>
   </div>
   <div class='ocr_carea' id='block_1_7' title="bbox 0 0 1806 5640">
    <p class='ocr_par' dir='ltr' id='par_1_8' title="bbox 0 0 1806 5640">
     <span class='ocr_line' id='line_1_40' title="bbox 0 0 1806 5640; baseline 0 0"><span class='ocrx_word' id='word_1_304' title='bbox 0 0 1806 5640; x_wconf 95' lang='lat' dir='ltr'><strong> </strong></span> 
     </span>
    </p>
   </div>
  </div>
 </body>
</html>
