3586 5640
461 807 505 870 84
817 820 948 871 aoenar
970 820 1117 872 moerus
1423 807 1512 893 [cnr.

293 990 424 1108 deguim-
505 991 657 1060 Secunda
680 1015 777 1060 causa
799 1015 900 1080 quare
923 993 1055 1060 ostendi
1077 993 1274 1079 sapientiam
1296 998 1404 1058 totam
1426 1013 1513 1058 com·

291 1059 618 1180 „ssfflprehsndi
639 1096 676 1162 in
697 1096 769 1183 lege
792 1096 856 1162 Dei
880 1096 1053 1183 utriusque
1079 1095 1283 1162 Testamenti
1308 1099 1360 1160 est
1384 1116 1510 1160 summe

293 1191 446 1310 233²&ss
456 1197 613 1278 notanda,
629 1203 664 1264 et
683 1197 770 1263 nihil
789 1197 825 1262 in
846 1198 980 1264 ecclesia
1002 1197 1066 1263 Dei
1088 1197 1163 1284 plus
1185 1197 1283 1264 debet
1304 1195 1510 1262 considerari

292 1324 423 1377 marm
457 1297 594 1379 Qniasi
619 1299 712 1380 fiant,
735 1321 809 1385 quse
835 1321 942 1380 narro,
970 1307 1052 1365 tunc
1073 1303 1185 1365 totum
1217 1299 1366 1366 studium
1391 1297 1510 1363 rectifi-

292 1389 416 1456 ΜΨ·
455 1400 586 1466 cabitur
608 1423 666 1490 per
692 1402 845 1489 seipsum,
871 1407 906 1468 et
932 1407 1005 1468 tota
1031 1400 1167 1467 ecclesia
1192 1406 1333 1488 regetur,
1361 1401 1448 1466 sicut
1474 1399 1511 1463 in

291 1459 445 1599 illepidum
455 1503 659 1590 temporibus
696 1509 895 1584 sanctorum,
933 1509 968 1569 et
1004 1502 1065 1568 fiet
1101 1525 1170 1590 pax
1206 1501 1411 1582 universalis,
1440 1506 1510 1566 tarn

291 1588 437 1656 P⁰¹¹‘7'⁸⁸·
456 1606 545 1693 apud
582 1605 798 1672 ecclesiastica
830 1606 966 1693 negotia
995 1627 1096 1691 quam
1126 1606 1216 1693 apud
1245 1606 1394 1694 regimen
1423 1604 1513 1690 prin·

457 1708 567 1795 cipum
600 1712 635 1774 et
664 1707 831 1774 laicorum.
885 1707 932 1773 Et
962 1706 1028 1772 nisi
1058 1729 1118 1794 per
1146 1712 1292 1773 vestram
1321 1708 1407 1772 fiant
1440 1704 1511 1772 baec

456 1809 662 1898 sapientiam,
684 1831 752 1876 non
778 1809 875 1875 credo
899 1808 988 1895 quod
1014 1831 1162 1896 unquam
1187 1809 1277 1875 fient
1323 1809 1370 1874 Et
1396 1813 1510 1874 tamen

456 1911 689 1999 prophetatum
713 1914 764 1978 est
786 1932 807 1975 a
834 1910 950 1977 multis
973 1910 1178 1998 temporibus
1203 1910 1293 1997 quod
1318 1932 1377 1997 per
1402 1931 1508 1974 unum

456 2013 597 2101 Papam¹
626 2013 749 2080 debent
773 2013 846 2079 fieri
872 2035 947 2100 quse
973 2014 1135 2096 narrab03
1165 2017 1200 2079 et
1226 2012 1325 2080 debet
1354 2011 1410 2076 ille
1440 2032 1510 2076 esse

456 2115 531 2182 istie
560 2116 771 2202 temporibus,
803 2117 888 2182 sicut
910 2115 1047 2182 interius
1077 2115 1207 2203 magis²
1235 2113 1413 2202 explicabo.
1464 2113 1511 2178 Et

459 2218 549 2304 quod
573 2218 648 2283 volo
674 2218 781 2282 dicere
811 2222 869 2293 est,
896 2219 983 2303 quod
1009 2219 1157 2306 regimen
1179 2217 1321 2284 ecclesiae
1346 2216 1432 2282 sicut
1453 2237 1512 2303 per

459 2319 565 2404 legem
596 2319 660 2382 Dei
695 2318 871 2402 regebatur
907 2318 1095 2403 antiquitus
1133 2320 1223 2406 apud
1260 2318 1427 2397 Hebraea,
1466 2318 1511 2382 sic

459 2419 559 2483 debet
589 2438 657 2481 esse
687 2436 776 2479 nunc
805 2417 894 2501 apud
925 2418 1139 2483 Christianos.
1186 2420 1232 2484 Et
1262 2420 1349 2485 sicut
1378 2421 1414 2484 in
1444 2419 1510 2505 pri-

459 2518 578 2583 mitiva
598 2516 733 2580 ecclesia
746 2515 923 2601 regebatur
942 2538 1001 2602 per
1024 2540 1105 2595 eam,
1129 2518 1176 2582 sic
1197 2540 1285 2583 nunc
1307 2520 1408 2585 babet
1431 2521 1509 2606 regi.

458 2619 505 2684 Et
530 2617 559 2683 si
584 2621 659 2682 tota
683 2616 846 2703 sapientie
875 2622 925 2682 est
955 2617 1004 2682 ibi
1033 2617 1258 2709 principaliter
1288 2624 1445 2684 contenta
1475 2625 1509 2684 et

455 2719 634 2800 fontalitea
657 2723 738 2784 tunc
760 2714 985 2805 principaliter
1007 2718 1050 2784 ad
1072 2717 1184 2783 minue
1209 2717 1308 2783 debet
1335 2720 1507 2804 perillam

288 2840 418 2895 Thecla
454 2823 532 2911 regi.
578 2821 645 2889 Sed
673 2841 762 2887 nunc
791 2840 859 2886 non
889 2825 940 2887 est
973 2820 1043 2902 ita;
1077 2840 1156 2885 nam
1185 2819 1259 2906 plus
1287 2819 1443 2886 laudatur
1471 2821 1507 2883 in

288 2907 415 2963 aare
455 2926 588 2993 seraa
613 2924 677 2991 ner
703 2944 789 2988 uma
809 2921 934 3010 jurae
963 2922 1080 3004 ervia,
1107 2921 1185 2989 aaa
1213 2920 1320 2987 sorum
1350 2922 1466 3007 sciatj

286 2974 435 3094 innodares
454 3029 550 3095 civile
581 3033 615 3093 et
645 3027 775 3114 ignoret
800 3025 857 3113 jus
887 3024 1080 3092 canonicum
1109 3029 1145 3090 et
1174 3021 1382 3110 theologiam,
1408 3045 1507 3110 quarn

298 3060 430 3162 ⁰⁸¹⁰¹¹²¹l¹
454 3151 540 3195 unus
566 3129 724 3216 magister
745 3128 781 3192 in
804 3127 980 3215 theologia
997 3131 1031 3193 et
1054 3126 1152 3192 citius
1173 3123 1326 3212 eligitur³
1343 3126 1386 3191 ad
1408 3125 1506 3191 eccle-

284 3189 420 3228 nummii!

284 3242 379 3295 atussa
454 3232 601 3296 siastices
631 3229 818 3316 dignitates„
864 3227 910 3294 Et
931 3235 971 3295 ut
993 3229 1143 3295 videmus
1165 3227 1253 3314 quod
1282 3227 1507 3315 principaliter

453 3332 558 3398 currit
579 3332 725 3418 regimen
745 3330 887 3397 ecclesiae
908 3353 968 3418 per
984 3331 1132 3417 juristae,
1151 3335 1187 3397 et
1208 3329 1269 3396 hoc
1289 3353 1348 3417 per
1367 3330 1506 3396 abusum

453 3439 489 3498 et
519 3432 743 3497 cavillationes
764 3431 858 3517 juris,
882 3438 917 3498 et
947 3437 1062 3498 contra
1083 3433 1169 3518 jura,
1197 3433 1275 3520 quia
1300 3432 1431 3518 injuria
1457 3434 1507 3498 in-

452 3534 557 3600 finitae
587 3535 674 3599 fiunt
704 3539 854 3621 respectu
892 3534 991 3599 unius
1023 3535 1176 3620 justitiae,
1208 3539 1243 3600 et
1271 3533 1407 3620 justitia
1435 3539 1505 3601 tam

451 3636 605 3700 tardatur
630 3636 761 3721 ubique,
784 3635 873 3721 quod
899 3657 1056 3722 pauperes
1080 3636 1259 3702 dimittunt
1285 3658 1399 3702 causus
1421 3659 1504 3716 suas,

450 3740 485 3802 st
520 3737 641 3803 divites
671 3738 773 3803 taedio
804 3736 1001 3818 afficiuntur,
1032 3741 1068 3803 et
1099 3743 1282 3825 gravantur
1311 3739 1420 3820 nimis,
1451 3739 1506 3804 ut⁴

449 3836 552 3902 etiam
593 3839 767 3905 dimittant
808 3839 984 3925 saepissime
1017 3839 1075 3926 jus
1117 3863 1222 3919 suurn,
1261 3845 1296 3905 et
1333 3840 1504 3905 discordiae

448 3936 590 4006 infinitae
613 3941 814 4006 suscitantur
836 3942 872 4006 in
894 3941 1026 4007 ecclesia
1049 3940 1123 4021 Dei,
1146 3947 1181 4006 et
1204 3962 1272 4027 pax
1296 3940 1425 4005 tollitur
1447 3962 1505 4024 per

445 4038 592 4126 juristae.
650 4042 696 4107 Et
726 4065 793 4108 non
824 4043 929 4109 solum
955 4043 1031 4108 lites
1057 4046 1301 4129 promoventur,
1327 4040 1386 4105 sed
1416 4040 1504 4104 bella

450 4161 524 4227 quse
545 4143 745 4230 contingrmt
765 4144 802 4208 in
822 4145 912 4210 omni
932 4165 1033 4232 regno
1056 4144 1182 4209 habent
1202 4148 1311 4209 ortum
1332 4164 1374 4207 ex
1396 4140 1502 4207 abusu

445 4240 559 4329 juris3
597 4243 682 4309 sicut
712 4245 854 4330 quilibet
883 4252 993 4333 potest
1030 4245 1152 4310 intueri
1189 4245 1246 4330 qui
1284 4243 1361 4309 vult
1397 4243 1501 4309 consi-

451 4590 455 4599 “
486 4589 494 4622 ¹
502 4590 608 4659 W]
621 4591 720 4654 delevit,
730 4590 761 4645 B.
771 4599 798 4645 ut
810 4593 870 4646 tere.
1031 4592 1159 4661 ’etipsud
1178 4592 1290 4658 eligetur,
1308 4589 1338 4642 Τ.

486 4670 707 4741 'Wlm'n
1032 4672 1222 4741 *nactura
