3586 5640
284 2079 341 2135 The
351 2085 410 2136 doe·

456 758 521 823 132
835 770 963 822 aoosru
985 769 1130 823 oscarus
1422 760 1508 849 [car.

457 947 597 1012 istorum
631 943 907 1034 philosophorum,
936 949 970 1010 et
1003 949 1116 1010 tamen
1138 944 1334 1010 Aristoteles
1365 946 1508 1013 multum

458 1049 580 1114 nititur
602 1049 644 1114 ad
667 1047 880 1125 solvendum;
918 1067 977 1111 nec
1000 1045 1157 1110 habemus
1179 1046 1324 1131 aliquam
1354 1049 1507 1134 reproba·

459 1151 583 1216 tionem
610 1154 732 1215 certam
764 1149 805 1212 de
838 1148 900 1214 hac
920 1147 1080 1234 positione
1112 1169 1171 1234 per
1193 1147 1414 1217 Aristotelem.
1462 1150 1506 1216 Et

458 1253 532 1317 ideo
554 1252 667 1317 addidi
690 1250 1002 1316 demonstrationem
1020 1251 1260 1336 geometricam,
1276 1272 1350 1337 quae
1365 1251 1506 1318 destruit

457 1354 541 1418 banc
563 1353 758 1440 positionem
780 1351 932 1419 finaliter.
978 1351 1065 1417 Nam
1089 1374 1132 1417 ex
1166 1374 1205 1419 ea
1238 1354 1386 1440 sequitur
1419 1355 1506 1440 quod

457 1456 617 1521 diameter
653 1456 698 1520 sit
734 1452 1036 1520 commensurabilis
1073 1460 1181 1533 costae,
1219 1461 1254 1521 et
1298 1476 1366 1521 non
1402 1457 1507 1521 solum

457 1556 765 1636 commensurabilis,
789 1557 846 1622 sed
878 1556 1022 1642 aequalis,
1063 1579 1204 1643 quorum
1241 1561 1421 1644 utrumque
1458 1563 1508 1624 est

457 1659 665 1746 impossibile.
734 1659 780 1724 Et
816 1680 905 1724 nunc
938 1680 1102 1746 apponam
1136 1661 1298 1725 rationem
1316 1660 1321 1669 '
1336 1660 1509 1727 solutionis

457 1782 578 1845 eorum,
602 1782 675 1848 quaa
698 1766 749 1827 est
779 1761 873 1826 clava
896 1759 1069 1839 Herculis;
1092 1781 1158 1847 qua
1181 1761 1298 1841 soluto,
1321 1762 1408 1848 perit
1434 1767 1507 1828 tota

458 1885 570 1930 eorum
592 1863 776 1952 phantasia.
816 1863 862 1930 Et
884 1863 975 1930 istud
997 1863 1094 1929 valde
1116 1863 1387 1932 considerandum
1410 1870 1509 1931 estet

457 1967 651 2034 notandum.

503 2069 630 2136 Dicunt
652 2069 740 2136 enim
763 2069 829 2135 sic:
854 2069 962 2135 Omne
987 2090 1103 2157 corpus
1124 2071 1232 2156 potest
1258 2068 1365 2134 dividi
1391 2091 1506 2135 secun·

281 2151 445 2204 “inim“d*
458 2173 537 2238 dum
575 2172 687 2239 omnia
723 2176 855 2259 puncta,
908 2171 987 2259 quia
1023 2172 1217 2237 continuum
1253 2176 1362 2258 potest
1400 2173 1507 2238 dividi

456 2276 586 2361 ubique,
611 2280 645 2340 et
667 2295 733 2361 qua
754 2275 881 2340 rationo
914 2275 950 2339 in
982 2295 1049 2340 uno
1080 2274 1150 2339 loco
1173 2279 1208 2339 et
1239 2274 1275 2339 in
1308 2274 1381 2340 alio.
1441 2274 1507 2342 Sed

456 2378 562 2463 posito
584 2376 740 2464 possibili,
756 2398 824 2442 non
844 2376 963 2442 accidit
984 2375 1190 2463 impossibile.
1237 2375 1334 2462 Ergo,
1357 2378 1386 2442 si
1408 2398 1509 2464 pona-

456 2499 529 2543 mus
552 2499 666 2564 corpus
689 2499 757 2543 esse
780 2477 923 2543 divisum
945 2478 1123 2544 secundum
1146 2477 1257 2543 omnio
1284 2482 1416 2565 puncta,
1439 2500 1507 2545 non

456 2585 507 2645 est
529 2579 769 2646 inconveniens
815 2579 881 2646 Sed
911 2601 963 2646 res
992 2580 1199 2666 componitur
1220 2601 1263 2644 ex
1285 2581 1342 2660 eis,
1365 2581 1401 2645 in
1433 2603 1508 2668 quae

456 2681 626 2748 dividitur.
673 2680 763 2770 Ergo
786 2702 903 2768 corpus
924 2682 1130 2769 componitur
1152 2701 1195 2746 ex
1210 2682 1342 2768 punctis
1357 2682 1508 2749 indivisi·

457 2784 579 2850 bilibus
602 2806 660 2851 seu
682 2785 744 2850 ox¹
767 2784 894 2864 atomis,
920 2784 1006 2872 quia·
1021 2788 1151 2851 atomus
1172 2783 1349 2871 respondet
1370 2786 1506 2874 corpori,

456 2887 542 2953 sicut
563 2892 706 2975 punctus
727 2887 831 2954 lineae.

283 3001 333 3051 anu
340 3000 439 3053 cleared
502 2990 557 3055 Ad
579 2989 641 3056 hoc
659 2986 952 3076 distinguendum¹
974 2991 1026 3054 est
1047 2989 1162 3075 primo,
1177 2989 1357 3054 secundum
1379 3010 1507 3077 compo·

284 3068 314 3117 of
320 3067 353 3116 its

284 3133 375 3197 logical

457 3091 611 3156 sitionem
635 3096 670 3157 et
701 3092 904 3156 divisionem.
966 3089 1051 3158 Cum
1081 3091 1203 3156 dicitur
1225 3097 1369 3178 “corpus
1400 3098 1508 3179 potest

283 3199 432 3265 ambiguity.
458 3192 598 3257 “dividi
620 3193 798 3258 secundum
822 3193 932 3257 omnia
952 3190 1102 3280 puncta‚''
1117 3190 1167 3257 si³
1181 3193 1252 3258 haec
1267 3194 1507 3277 determinatio,

456 3293 648 3360 secundum
681 3293 802 3360 omnio
829 3300 973 3381 puncta,
1002 3294 1199 3360 determinet
1220 3295 1282 3361 hoc
1315 3297 1404 3382 quod
1426 3297 1507 3376 dico,

452 3402 560 3483 potest
597 3394 723 3475 dividi,
757 3395 811 3460 vel
843 3396 972 3461 ratione
996 3395 1068 3482 ejus
1093 3397 1183 3482 quod
1216 3404 1267 3463 est
1299 3396 1427 3478 dividi,
1462 3401 1509 3465 sic

457 3498 538 3562 falsa
570 3503 642 3578 est3
672 3497 832 3583 quiahoc
854 3496 990 3563 verbum
1021 3497 1140 3564 dividi
1161 3506 1212 3565 ost
1234 3501 1405 3587 praesentis
1427 3507 1509 3568 tem-

458 3598 569 3686 poris,⁴
606 3603 641 3663 et
674 3598 838 3685 significat
869 3599 1030 3665 actualem
1065 3600 1263 3668 divisionem
1298 3605 1442 3691 corporis
1472 3605 1508 3669 in

457 3707 580 3789 puncta
609 3701 726 3781 omnia,
759 3701 847 3786 quod
880 3706 930 3766 est
963 3701 1186 3788 impossibile3
1225 3705 1278 3769 vel
1312 3711 1422 3792 potest
1455 3707 1510 3772 de·

457 3803 634 3869 terminare
656 3804 718 3868 hoc
740 3803 827 3889 quod
858 3808 909 3868 est
927 3810 1042 3888 potest,
1067 3809 1101 3870 et
1123 3810 1204 3870 tunc
1237 3806 1507 3892 distinguendum

457 3905 636 3971 secuudum
652 3904 953 3990 aequivocationem.
977 3904 1064 3986 Quia
1086 3906 1148 3971 hoc
1170 3907 1307 3972 verbum
1325 3913 1433 3991 potest
1447 3916 1508 3973 aut

457 4007 656 4095 significabit
693 4008 883 4094 potentiam,
923 4029 996 4093 quae
1034 4012 1142 4094 potest
1173 4008 1285 4073 reduci
1315 4009 1359 4071 ad
1396 4014 1506 4075 actum

457 4131 577 4196 purum
599 4115 633 4174 et
655 4110 873 4195 completum;
907 4114 941 4175 et
971 4112 1051 4174 tunc
1081 4107 1293 4174 adhucfalss
1319 4113 1370 4173 est
1392 4113 1506 4190 oratio,

457 4212 536 4297 quia
568 4211 718 4298 potentia
739 4209 911 4276 divisionis
933 4210 970 4274 in
992 4199 1125 4296 corpore
1158 4231 1225 4276 non
1259 4215 1367 4296 potest
1397 4214 1506 4280 reduci

491 4523 554 4591 ¹22]
573 4538 621 4574 om.
639 4523 670 4574 T.
1042 4524 1098 4591 ἐι]
1113 4525 1165 4586 red,
1178 4523 1207 4575 L.

491 4602 717 4668 ’distinquenduffl
754 4603 888 4654 dicendum
913 4611 958 4664 est,
1042 4605 1052 4634 ⁴
1059 4605 1187 4669 prematis
1226 4607 1349 4672 temporis]
1391 4609 1509 4673 temporis

458 4681 489 4732 T.
863 4742 868 4749 ἱ
1008 4683 1145 4747 presentis,
1161 4681 1192 4734 Τ.
