3586 5640
311 809 374 897 xi]
646 826 880 877 consuuntur
902 826 1029 877 srunrr
1297 810 1364 881 517

309 1001 355 1066 Et
377 1005 429 1067 est
452 1001 521 1088 ejus
544 1006 635 1082 nota,
669 1003 763 1088 quasi
794 1001 931 1068 inferior
953 1022 1030 1089 pars
1052 998 1166 1066 circuli
1191 1001 1261 1087 (υ)
1286 1023 1364 1087 sup·

306 1104 459 1190 ponenda
489 1104 733 1190 conjungendis.
801 1106 852 1171 Ut
881 1125 1042 1192 ponamus
1079 1102 1266 1188 exemplum
1302 1102 1363 1167 La

304 1206 414 1270 tinum
446 1206 672 1286 ante-tulisti3
706 1206 833 1293 possint
855 1213 935 1272 crete
964 1210 1000 1271 et
1022 1203 1138 1272 tulisti
1160 1204 1267 1269 videri
1289 1204 1362 1269 duae

305 1307 473 1374 dictiones.
521 1307 588 1373 Sed
610 1329 669 1394 per
691 1314 806 1374 notam
835 1308 940 1395 ipsius
966 1308 1099 1394 hiphen,
1130 1306 1363 1372 denominatur

306 1410 395 1495 quod
429 1409 497 1473 sint
532 1431 599 1473 uua
633 1410 741 1475 dictio.
800 1410 963 1476 Similiter
996 1411 1025 1475 si
1058 1409 1245 1474 scribantur
1275 1408 1363 1495 quis-

304 1517 412 1598 putas,
451 1512 681 1598 paulo-minus,
715 1518 749 1578 et
787 1512 1000 1598 hujus-modi.
1047 1512 1113 1577 Sed
1148 1510 1262 1578 Latini
1294 1532 1362 1575 non

304 1618 448 1678 utuntur
470 1613 659 1700 hujusmodi
682 1614 785 1701 signo,
809 1615 883 1680 ideo
917 1636 1001 1701 saepe
1024 1613 1194 1679 falluntur.
1256 1612 1362 1680 Greci

304 1726 422 1794 autem,
461 1722 501 1782 ut
538 1719 648 1783 vitent
679 1739 830 1794 errorem,
870 1717 995 1784 habent
1033 1716 1133 1782 talem
1171 1719 1285 1780 notam
1327 1721 1362 1781 ct

304 1825 531 1906 superponunt
566 1820 805 1906 conjungendis
838 1819 874 1884 in
914 1841 1014 1884 unam
1061 1818 1247 1885 dictionem.
1317 1817 1363 1882 Et

305 1942 407 2007 quum
439 1927 518 1987 sunt
551 1922 731 1987 secundum
761 1922 938 1986 veritatem
977 1919 1165 1999 dividenda,
1205 1941 1272 1985 non
1306 1941 1362 2006 po-

304 2029 392 2088 nunt
423 2024 507 2090 hanc
529 2029 643 2089 notam
666 2023 914 2110 conjunctionis.
962 2023 1063 2090 Unde
1087 2028 1216 2109 quanto
1238 2021 1360 2107 cuspis,

305 2129 457 2192 attento
488 2125 611 2211 mepte,
644 2132 678 2192 et
700 2125 809 2192 mutto
844 2124 969 2211 mepta,
993 2130 1029 2191 et
1060 2123 1250 2211 quominus
1281 2129 1360 2189 sunt

305 2228 414 2314 plures
448 2233 559 2314 partes
592 2229 771 2294 secundum
807 2227 974 2306 Graecum,
1003 2233 1037 2293 et
1074 2249 1142 2293 non
1165 2227 1362 2313 copulantur

305 2328 342 2394 in
364 2352 467 2394 unum
490 2352 548 2416 per
571 2330 703 2417 hiphen
749 2330 816 2395 Sed
839 2329 950 2395 Latini
981 2328 1079 2395 multi
1105 2329 1142 2394 in
1164 2328 1217 2393 his
1239 2334 1359 2406 errant,

305 2431 541 2518 conjungentes
573 2455 612 2498 ea
642 2433 677 2498 in
712 2454 813 2498 unam
844 2433 1023 2498 dictionem
1046 2454 1120 2518 quas
1142 2431 1234 2496 nullo
1264 2431 1361 2497 modo

305 2533 428 2599 debent
451 2535 612 2622 conjungi.
660 2535 706 2600 Et
729 2535 833 2601 sicin
856 2535 972 2601 multis
999 2534 1080 2601 ediis.

350 2635 461 2703 Tertia
483 2659 561 2703 vero
587 2637 739 2725 prosodia
761 2637 802 2703 de
833 2638 1022 2726 impropriis
1052 2643 1189 2704 vocatur
1223 2637 1360 2725 ypodia·

304 2739 386 2817 stila,
411 2745 446 2804 et
479 2745 531 2805 est
562 2741 726 2808 contraria
761 2741 890 2829 hiphen
938 2740 1027 2806 Nam
1050 2741 1137 2806 male
1161 2740 1360 2806 cohaerentia

305 2841 467 2909 descernit
501 2848 535 2908 et
567 2849 697 2930 separat
728 2865 786 2931 per
820 2848 959 2922 notam;
983 2865 1057 2930 quse
1086 2846 1137 2908 est
1167 2841 1262 2927 quasi
1285 2864 1361 2927 pars

304 2945 425 3011 dextra
457 2945 571 3011 circuli
601 2947 661 3032 ())
690 2946 860 3032 supposita
890 2945 941 3010 illi
971 2945 1060 3031 quod
1092 2944 1191 3008 debet
1223 2943 1265 3008 ab
1296 2942 1361 3008 alio

305 3049 459 3135 separari,
492 3047 547 3112 vel
570 3048 663 3134 quasi
695 3048 805 3135 posita
827 3047 917 3111 inter
940 3068 984 3112 ea
1037 3046 1124 3111 Vere
1146 3050 1232 3109 esset
1253 3066 1362 3110 neces·

305 3151 427 3214 sarium
466 3149 555 3236 apud
589 3170 648 3213 nos
683 3149 771 3235 quod
810 3149 1002 3215 haberemus
1031 3149 1067 3213 in
1099 3146 1214 3212 multis
1247 3152 1361 3212 notam

306 3251 588 3338 distinguentem
633 3255 673 3316 ut
715 3251 847 3337 quando
883 3251 1006 3316 dicitur
1039 3249 1082 3317 ab
1119 3271 1155 3316 co
1193 3250 1363 3338 expediret

307 3353 395 3440 quod
427 3352 650 3430 denotaretur,
686 3351 704 3418 b
738 3352 835 3418 litera
873 3353 1016 3440 separari
1053 3352 1096 3417 ab
1134 3375 1159 3430 e,
1198 3359 1238 3418 ut
1260 3374 1361 3440 appa·

306 3460 417 3520 rerent
444 3453 518 3520 duae
542 3453 712 3536 dictiones,
736 3460 771 3520 et
793 3476 861 3520 non
884 3476 958 3533 uua,
983 3455 1114 3542 quando
1146 3477 1205 3542 pro
1235 3455 1362 3522 duabus

307 3557 474 3644 accipitur,
512 3556 634 3629 scilicet
670 3578 730 3645 pro
767 3557 997 3645 praepositione
1032 3580 1106 3623 cum
1137 3579 1195 3623 suo
1230 3558 1360 3636 casuali,

307 3659 361 3725 vel
384 3659 517 3746 quaudo
540 3662 650 3725 totum
672 3665 723 3726 est
750 3681 818 3725 una
841 3660 951 3739 dictio,
984 3665 1018 3726 et
1040 3659 1178 3727 verbum
1201 3659 1361 3741 denotari,

308 3761 486 3848 expediret,
516 3761 603 3847 quod
634 3760 651 3828 b
674 3765 880 3850 separaretur
902 3763 944 3827 ab
967 3785 999 3842 a,
1022 3769 1062 3828 ut
1083 3784 1107 3828 o
1128 3784 1240 3850 perse
1262 3762 1361 3848 sylla·

306 3863 480 3946 bioaretur,
502 3869 537 3929 et
552 3863 570 3930 b
586 3886 659 3930 cum
675 3887 700 3932 e.
743 3864 789 3931 Et
811 3887 885 3931 cum
909 3863 1031 3931 dicitur
1046 3865 1187 3952 [AEneid.
1200 3865 1267 3932 viii
1281 3865 1360 3953 83.],

444 4025 645 4114 “Viridique
667 4027 705 4093 in
727 4027 839 4094 littore
861 4027 1062 4116 conspicitur
1083 4026 1178 4093 sus:”

308 4172 480 4263 expediret
515 4173 604 4262 quod
627 4173 840 4241 denotaretur
870 4173 957 4262 quod
989 4195 1010 4239 r
1038 4173 1135 4240 litera
1156 4180 1363 4262 separaretur

308 4277 351 4344 ab
374 4299 390 4342 s
413 4278 518 4356 litera,
543 4282 703 4364 tauquam
725 4299 800 4365 pars
823 4277 961 4343 alterius
991 4275 1145 4342 dictionis
1166 4298 1235 4342 non
1257 4277 1362 4344 solum

308 4379 443 4445 alterius
475 4379 621 4466 syllabae,
660 4383 700 4445 ut
732 4380 780 4446 ibi
813 4401 882 4445 non
916 4378 1150 4466 intelligantur
1184 4401 1252 4445 esse
1286 4401 1364 4447 cou-

308 4481 414 4570 spiott
435 4503 542 4548 ursas
553 4508 567 4563 ;
600 4504 657 4548 seu
680 4482 768 4569 quod
799 4483 836 4547 in
858 4482 946 4548 idem
969 4481 1066 4559 redit,
1090 4486 1130 4548 ut
1152 4505 1168 4547 c
1190 4482 1287 4549 litera
1309 4483 1363 4548 de·

308 4588 481 4651 notaretur
511 4585 656 4673 separari
694 4606 715 4649 a
744 4607 769 4663 c,
797 4590 926 4650 utnon
949 4584 994 4650 sit
1028 4584 1172 4669 ejusdem
1204 4586 1363 4671 syllabse3

310 4687 467 4775 quatinus
504 4687 549 4752 sit
586 4687 635 4753 ibi
674 4686 889 4774 conspicatur
925 4708 985 4753 aas
1022 4692 1057 4752 et
1094 4707 1161 4752 non
1199 4687 1365 4771 corwpicr‘t
