3586 5640
399 756 462 846 xa]
736 773 968 826 consumma
991 774 1119 826 sauna.
1391 764 1456 828 515

396 949 489 1036 cujus
534 956 585 1017 est
621 951 680 1017 illa
716 949 839 1016 vocalis
876 973 950 1036 quae
988 951 1086 1017 deest
1146 950 1311 1032 Quoniam
1348 955 1456 1040 prima

396 1053 493 1140 hujus
525 1054 680 1121 dictionis
711 1052 827 1120 himas
860 1054 961 1140 (ἡμᾶς)
993 1056 1168 1141 aspiratur,
1200 1055 1274 1119 ideo
1304 1062 1456 1123 mutatur

391 1155 436 1243 pi
457 1157 495 1222 in
513 1157 588 1244 pac,
605 1163 640 1223 et
655 1157 775 1222 dicitur
797 1155 951 1243 ephraitae
967 1156 1025 1245 (ἐφ’
1047 1157 1147 1243 ἡμᾶς).
1188 1156 1234 1222 Et
1256 1161 1452 1246 apostrophe

394 1280 463 1324 non
484 1262 590 1326 solum
612 1260 701 1325 tollit
723 1259 796 1326 iota
818 1261 972 1336 vocalem,
991 1261 1049 1325 sed
1071 1259 1153 1325 alias
1175 1264 1251 1341 tres,
1275 1266 1315 1325 ut
1338 1261 1451 1348 alpha,

394 1366 430 1429 et
464 1385 490 1442 e,
520 1369 556 1429 et
589 1362 752 1444 anieron,
775 1364 860 1429 sicut
893 1363 1009 1428 dicunt
1047 1367 1197 1428 auctores
1229 1365 1453 1450 grammaticae

397 1465 526 1532 Graeoae.
574 1466 618 1530 Et
649 1465 836 1531 invenimus
868 1466 905 1530 in
935 1465 1097 1552 scriptura
1120 1466 1234 1532 Graeca
1265 1466 1337 1532 fieri
1364 1467 1455 1532 abla-

396 1569 502 1635 tiones
524 1570 664 1633 istarum
693 1569 864 1634 literarum
888 1573 1049 1655 quatuor3
1080 1573 1119 1634 ut
1142 1590 1217 1633 cum
1240 1568 1316 1634 cllo
1338 1568 1455 1657 (ἀλλὰ)

395 1672 440 1737 sit
462 1671 528 1751 esd,
552 1677 586 1738 et
609 1693 655 1736 oa
680 1676 740 1757 (οὐ)
765 1673 810 1738 sit
832 1694 919 1754 non3
952 1671 1084 1758 quando
1111 1671 1211 1737 simul
1234 1672 1455 1737 inveniuntur

395 1775 468 1842 istae
498 1775 660 1840 dictiones
690 1775 879 1840 scribuntur
901 1775 1044 1841 libenter
1078 1796 1136 1862 per
1159 1774 1383 1862 apostrophen
1416 1795 1454 1840 ac

395 1879 553 1944 siessent
579 1899 647 1943 una
670 1876 781 1957 dictio,
798 1879 883 1943 siout
909 1878 996 1962 (ἀλλ’
1019 1880 1072 1964 οὐ),
1098 1883 1234 1964 propter
1254 1877 1455 1944 brevitatem

395 1981 581 2047 auferentes
603 1980 758 2046 ultimam
780 1980 927 2046 vocalem
951 1980 1050 2066 hujus
1066 1980 1223 2046 dictionis
1245 1977 1318 2046 alta
1335 1980 1454 2064 (ἀλλὰ),

397 2084 485 2170 quod
516 2085 694 2170 designant
723 2105 782 2169 per
813 2088 941 2170 partem
976 2083 1089 2149 circuli
1115 2084 1277 2160 dextram,
1301 2104 1375 2168 quae
1398 2103 1456 2168 po·

396 2186 489 2252 nitur
510 2187 554 2250 ed
579 2185 680 2252 labda
702 2190 945 2264 consonantem,
962 2186 1067 2253 vocali
1089 2185 1208 2253 ablata.
1265 2185 1310 2250 Et
1333 2184 1374 2250 dc
1394 2186 1453 2270 (a)

397 2289 486 2375 apud
519 2310 582 2366 eos,
617 2289 705 2354 idem
743 2293 793 2354 est
831 2289 919 2374 quod
956 2294 1070 2355 autem
1108 2293 1142 2354 et
1179 2309 1267 2367 vero,
1304 2293 1338 2353 et
1376 2308 1455 2373 opos

397 2391 694 2478 quemadmodum;
730 2391 908 2457 secundum
943 2413 1021 2457 vero
1055 2391 1327 2457 consuetudinem
1360 2411 1454 2456 suam

397 2501 595 2581 praeponunt
626 2495 668 2560 dc
690 2495 730 2571 ei,
755 2494 844 2580 quod
866 2499 917 2560 est
940 2516 1019 2580 opos
1031 2520 1039 2576 ;
1073 2495 1151 2561 licet
1173 2515 1234 2559 nos
1257 2515 1453 2560 econverso

397 2596 534 2663 dicimus
578 2597 853 2684 quemadmodum
891 2603 976 2664 ante.
1038 2596 1104 2663 Sed
1147 2597 1211 2684 ipsi
1244 2619 1263 2662 e
1295 2617 1451 2663 converso

397 2699 522 2780 dicunt,
545 2706 580 2765 et
600 2704 736 2787 propter
758 2699 957 2766 brevitatem
990 2700 1117 2781 dicunt,
1141 2721 1200 2787 per
1231 2699 1452 2786 apostrophen

398 2809 490 2888 topos
504 2803 545 2890 (δ’
555 2802 652 2890 ὅπως),
664 2809 866 2890 apponentes
877 2809 1005 2881 notam,
1026 2803 1112 2868 sicut
1127 2802 1249 2868 dicitur
1264 2801 1302 2865 in
1317 2800 1453 2878 Gallico,

398 2904 572 2971 D’Orliens
594 2928 653 2992 pro
677 2906 717 2971 de
741 2905 891 2972 Orliensi
932 2906 977 2970 Et
1000 2927 1066 2992 ppo
1088 2903 1172 2992 (ὑπὸ)
1194 2909 1245 2968 eet
1267 2903 1455 2990 praepositio

397 3008 485 3073 idem
500 3008 589 3094 quod
604 3009 674 3085 sub,
691 3013 726 3073 et
748 3007 869 3074 hecate
892 3007 1006 3094 (ἑαυτὸ)
1030 3012 1081 3071 est
1095 3006 1157 3070 hoc
1172 3025 1352 3092 pronomen
1374 3005 1454 3091 ipsc,

397 3110 454 3175 sed
476 3132 535 3196 pro
564 3131 630 3196 ypo
660 3109 780 3175 laecuto
810 3110 879 3198 (ὑπὸ
908 3109 1016 3194 ἑαυτῷ)
1051 3107 1199 3173 scribunt
1228 3128 1287 3193 per
1310 3111 1456 3193 apostro-

398 3212 484 3298 phen
507 3211 674 3298 pplaecato
703 3211 771 3299 (ὑφ’
799 3211 916 3299 ἑαυτῷ),
947 3232 1043 3296 super
1068 3210 1113 3297 pt
1143 3210 1274 3275 literam
1297 3214 1456 3296 ponentes

398 3319 512 3377 notam
546 3313 747 3399 apostrophe.
795 3313 841 3377 Et
873 3313 951 3398 quia
982 3314 1090 3399 prima
1124 3313 1222 3378 litera
1253 3312 1456 3401 pronominis

399 3416 571 3502 aspiratur,
607 3415 757 3481 scribunt
789 3414 856 3503 pta·
893 3437 953 3503 pro
985 3416 1036 3503 pi,
1072 3422 1107 3482 et
1140 3416 1256 3483 dicunt
1288 3415 1456 3503 ppaeaea

401 3517 463 3604 (ὑφ’
486 3518 602 3605 ἑαυτῷ).
657 3517 703 3583 Et
729 3518 775 3583 sic
806 3518 994 3585 invenimus
1025 3520 1062 3584 in
1085 3519 1205 3585 Latino
1243 3521 1333 3606 apud
1371 3519 1457 3584 anti-

400 3642 481 3710 quos
503 3627 651 3686 auctores
673 3620 796 3687 auferri
818 3621 970 3686 ultimam
993 3622 1148 3703 vocalem,
1170 3627 1211 3688 ut

607 3797 625 3824 “
643 3788 788 3856 aarum
811 3811 864 3855 me
887 3789 1023 3857 crimine
1047 3787 1231 3878 dignumi'’

400 3968 460 4034 pro
492 3952 638 4012 tuotone.
699 3947 777 4013 Non
809 3945 933 4014 eolum¹
967 3949 1007 4015 fit
1040 3947 1229 4034 hujusmodi
1260 3945 1385 4012 ablatio
1423 3946 1459 4010 in

402 4049 608 4137 appositione
647 4049 830 4116 dictionum
869 4072 972 4136 quum
1018 4050 1253 4138 intelligrmtur
1298 4048 1459 4114 dictiones

402 4174 469 4219 esse
494 4153 640 4234 diversae,
657 4159 697 4219 ut
719 4153 997 4241 exemplificatum
1019 4159 1076 4235 est,
1093 4153 1151 4219 sed
1172 4155 1209 4218 in
1224 4151 1460 4240 compositione

403 4255 555 4321 similiter
591 4255 741 4323 aufertur
773 4257 896 4324 vocalis
933 4257 1050 4344 prioris
1089 4256 1241 4323 dictionis
1280 4277 1381 4342 quum
1424 4254 1459 4318 in

401 4360 635 4448 compositione
672 4360 762 4428 cadit
800 4383 874 4427 cum
912 4360 984 4427 alia
1047 4360 1211 4443 Quoniam
1248 4359 1319 4426 haec
1358 4357 1459 4424 dictio

709 4723 816 4794 'sdaa]
834 4725 865 4779 ν’
882 4725 963 4792 added
980 4725 1006 4776 in
1023 4725 1130 4792 margin.
1195 4765 1199 4772 Α
