3586 5640
721 809 808 858 oeus
829 809 950 859 ursus.
1297 796 1361 860 323

307 981 454 1044 omnium
469 980 690 1065 quaestionum
713 982 748 1045 iu
771 1003 899 1045 summa
919 980 1092 1067 theologica
1114 985 1165 1046 est
1187 1002 1269 1067 pura
1286 981 1357 1066 phi-

305 1083 459 1167 losophia,
476 1104 548 1146 cum
565 1083 769 1168 argumentis
784 1088 818 1147 et
833 1082 1059 1159 solutionibus,
1076 1087 1111 1148 et
1126 1087 1204 1147 sunt
1218 1083 1358 1148 infinitae

306 1185 506 1268 quaestiones
529 1183 570 1248 de
593 1184 791 1262 coelestibus,
808 1188 842 1247 et
858 1184 898 1247 de
920 1184 1070 1262 materia,
1095 1184 1193 1249 etde
1216 1188 1301 1263 ente,
1325 1189 1360 1250 et

306 1286 349 1349 de
369 1287 538 1372 speciebus
561 1291 595 1349 et
618 1285 893 1350 similitudinibus
916 1306 1035 1364 rerum,
1057 1290 1091 1350 et
1107 1287 1147 1350 de
1170 1285 1359 1371 cognitione

304 1387 423 1452 enimae
454 1409 513 1473 per
545 1409 607 1465 eas,
640 1393 675 1453 et
703 1387 745 1451 de
766 1408 839 1453 aevo
867 1391 901 1452 et
933 1391 1088 1472 tempore,
1123 1392 1157 1451 et
1194 1386 1357 1472 quomodo

306 1490 417 1553 anima
453 1495 504 1554 est
540 1490 577 1553 in
607 1511 747 1575 corpore,
783 1493 817 1553 et
854 1488 1016 1573 quomodo
1050 1491 1122 1576 ipsa
1155 1494 1190 1554 et
1223 1490 1359 1575 angelus

306 1596 484 1655 moventur
513 1596 607 1655 motu
637 1591 741 1666 locali,
777 1594 812 1655 et
845 1591 1009 1674 quomodo
1035 1590 1160 1656 habent
1183 1589 1299 1666 locum,
1323 1595 1358 1655 et

305 1692 439 1755 infinita
453 1692 542 1770 talia,
554 1714 628 1776 quaa
644 1691 907 1756 determinantur
921 1691 956 1755 in
971 1691 1065 1756 libris
1079 1692 1357 1778 philosophorum.

308 1793 353 1856 Et
376 1814 443 1857 non
472 1794 616 1879 pertinet
642 1793 685 1858 ad
707 1793 875 1878 theologos
901 1793 961 1856 has
987 1792 1196 1859 difficultates
1222 1793 1358 1858 investi-

306 1917 383 1981 gare
406 1918 448 1961 ex
469 1895 641 1982 principali
663 1895 848 1959 intentione
864 1915 924 1959 nec
945 1894 1117 1981 principali
1139 1895 1358 1980 inquisitione.

307 1998 373 2062 Sed
410 1998 509 2063 debet
539 1997 684 2062 breviter
720 1996 859 2062 recitare
892 1996 951 2060 baa
982 1998 1140 2063 veritates
1178 1997 1357 2062 secundum

307 2100 394 2184 quod
417 2100 452 2162 in
474 2097 681 2184 philosophia
704 2097 976 2163 determinantur.

352 2204 481 2268 Deinde
514 2204 581 2267 alia
602 2224 678 2288 pars
709 2203 936 2289 quaestionum,
960 2223 1034 2288 quae
1067 2205 1118 2267 cst
1148 2203 1185 2266 in
1218 2203 1358 2289 propriis

306 2307 456 2370 terminis
487 2305 669 2389 theologiae,
692 2309 732 2368 ut
754 2305 795 2368 de
825 2305 921 2369 beata
943 2304 1115 2384 trinitate,
1140 2305 1180 2368 de
1204 2303 1358 2389 incarna-

307 2408 405 2483 tione,
423 2407 463 2470 de
486 2405 706 2483 sacramentis,
722 2405 905 2470 ventilatur
923 2406 1147 2491 principaliter
1168 2427 1226 2492 par
1249 2411 1358 2471 aucto·

306 2509 432 2584 ritates,
471 2512 505 2572 et
549 2511 753 2599 argumenta,
792 2512 827 2572 et
865 2508 1090 2572 distinctiones
1127 2509 1358 2573 vocabulorum

306 2609 525 2696 philosophiae.
581 2609 664 2688 Quae
686 2608 774 2672 fiunt
795 2608 832 2671 in
855 2613 952 2673 textu
974 2610 1200 2695 principaliter
1221 2611 1358 2697 legendo

306 2718 341 2777 et
355 2710 570 2798 praedicando,
587 2714 666 2774 sunt
681 2711 746 2774 tria
764 2710 1009 2796 principaliter3
1031 2712 1163 2788 scilicet,
1180 2713 1358 2777 divisiones

306 2835 364 2899 per
394 2811 541 2877 membra
563 2812 664 2890 varia,
688 2812 774 2876 sicut
803 2811 929 2877 artistae
960 2811 1095 2886 faciunt,
1119 2813 1359 2878 concordantias

307 2912 488 2992 violentes,l
512 2913 597 2977 sicut
619 2913 746 2998 legistae
768 2918 911 2977 utuntur
923 2937 931 2991 ;
953 2916 988 2976 et
1020 2915 1242 2976 consonantiae
1264 2913 1358 2997 ryth-

306 3017 408 3094 micae,
435 3015 522 3079 sicut
543 3015 756 3100 grammatici
806 3014 848 3077 In
869 3014 942 3077 istis
965 3013 1073 3076 tribus
1088 3017 1156 3077 stat
1175 3013 1359 3098 praecipuus

307 3119 422 3181 modus
453 3115 618 3181 artificum
650 3115 836 3200 exponendi
860 3114 1071 3199 Scripturam.
1118 3113 1163 3178 Et
1193 3114 1262 3179 haec
1283 3115 1360 3179 licet

306 3219 402 3283 utilia
433 3219 509 3294 sint,
533 3223 645 3282 tamen
678 3222 786 3280 tracta
817 3220 902 3298 sunt
928 3216 969 3280 de
1002 3216 1214 3301 philosophia.
1270 3216 1359 3281 Nam

297 3320 355 3404 jus
377 3318 472 3384 civile
494 3319 556 3383 sub
578 3317 783 3404 philosophia
804 3317 998 3394 continetur,
1015 3323 1055 3383 ut
1077 3323 1172 3404 patet
1195 3339 1237 3382 ex
1260 3339 1357 3404 opere

306 3422 395 3507 quod
418 3422 524 3486 mitto.

353 3661 551 3728 SECUNDUM
581 3665 750 3746 peccatum
781 3665 832 3725 est
862 3659 951 3745 quod
981 3659 1127 3725 scientiae
1158 3660 1291 3746 optimae
1326 3664 1519 3748 standarum

306 3764 449 3828 maxime
486 3761 711 3848 contingentes
735 3763 908 3847 theologiae
931 3783 998 3825 non
1021 3761 1156 3824 suntin
1180 3783 1242 3823 usu
1265 3753 1505 3853 theo-{ffnfi‘ssauce

308 3865 482 3952 logorum;
510 3864 595 3929 sicut
627 3864 693 3928 illae
728 3864 768 3927 de
800 3864 919 3948 quibus
953 3863 1037 3927 facio
1070 3862 1296 3941 mentionem3
1319 3868 1358 3926 ut
1368 3871 1484 3922 scientes.

306 3967 520 4054 grammatica
552 3966 730 4030 secundum
758 3965 887 4052 linguas
922 3964 1045 4028 alienas
1079 3988 1099 4027 a
1133 3963 1251 4049 quibus
1285 3967 1358 4028 tote
1439 4043 1441 4046 y

307 4070 472 4155 theologia
486 4068 595 4148 venit3
618 4073 652 4132 et
675 4068 853 4132 secundum
877 4088 958 4151 quas
980 4070 1117 4130 currunt
1135 4064 1357 4151 expositiones

307 4176 501 4252 sanctorum,
534 4170 619 4234 sicut
653 4170 748 4255 tetigi
781 4169 817 4233 in
853 4169 1027 4256 praedictis,
1059 4174 1094 4232 ct
1118 4168 1286 4232 evidenter
1316 4190 1358 4232 ex

308 4272 478 4359 Scriptura
514 4271 632 4356 Majori
669 4272 879 4336 manifestum
917 4275 974 4335 est.
1037 4269 1082 4334 Et
1119 4269 1215 4357 longe
1253 4270 1358 4356 magis

307 4373 396 4441 valet
425 4374 666 4455 mathematica,
691 4379 725 4439 et
757 4372 970 4463 perspectiva,
994 4376 1028 4436 et
1059 4371 1196 4438 scientia
1225 4371 1357 4438 moralis

324 4565 409 4572 „ua-..-
418 4565 429 4571 ⁴
444 4563 526 4572 ..fi-..u
537 4564 739 4571 .--mm-
748 4561 967 4570 mmm-...-

656 4677 663 4706 ¹
676 4674 801 4743 violentes]
821 4676 940 4739 volentes,
952 4674 1007 4727 Ms.

1198 4759 1266 4822 Η
