3586 5640
460 788 523 851 168
838 799 968 849 ausam
991 800 1138 849 sacoms
1422 783 1509 868 [ess.

452 975 524 1060 jam
547 975 724 1060 vulgat0s3
754 978 789 1038 et
823 973 896 1040 istas
929 979 1009 1040 sunt
1040 973 1274 1061 metaphysica
1301 972 1507 1059 quaestiones

458 1077 503 1140 Et
534 1076 641 1162 prima
672 1081 730 1156 ast,
755 1098 799 1140 an
821 1075 1008 1142 substantia
1030 1082 1189 1163 separata,
1213 1081 1253 1141 ut
1286 1076 1422 1163 angelus
1454 1075 1507 1142 vel

457 1179 569 1243 anima
600 1179 780 1255 rationalis,
804 1200 878 1243 eum
910 1202 930 1243 a
962 1200 1095 1264 torpore
1126 1179 1257 1256 resedit,
1281 1178 1388 1264 posito
1420 1178 1508 1265 quod

457 1286 664 1366 pertranseat
687 1281 833 1368 spatium
855 1280 944 1346 inter
965 1280 1082 1346 coelum
1113 1286 1148 1346 et
1174 1289 1305 1361 terram,
1328 1281 1383 1346 vel
1405 1280 1508 1367 quod·

288 1380 411 1432 Nofinite
456 1405 583 1469 cunque
607 1383 705 1460 aliud,
730 1406 774 1448 an
797 1388 1004 1470 pertranseat
1035 1383 1145 1448 subito
1168 1388 1203 1448 et
1224 1382 1259 1447 in
1281 1383 1429 1460 instanti,
1454 1383 1508 1448 vel

288 1462 433 1565 mma
456 1486 492 1550 in
515 1491 661 1572 tempore
672 1509 681 1565 ;
704 1485 765 1552 hoe
788 1491 847 1565 est,
871 1508 916 1551 an
937 1486 983 1551 sit
1004 1490 1115 1551 motus
1136 1485 1185 1549 ibi
1199 1485 1254 1552 vel
1276 1485 1426 1551 mutatio,
1461 1484 1507 1550 Et

288 1582 444 1698 ffixelyii
450 1587 522 1674 jam
544 1588 694 1674 superius
724 1589 861 1654 fuerunt
891 1588 1036 1653 rationes
1059 1587 1176 1673 positas
1210 1587 1253 1651 ad
1275 1587 1348 1667 hoo,
1374 1587 1507 1672 quando

288 1727 361 1775 space
369 1690 629 1764 'radicabatur
674 1691 760 1776 quod
805 1690 897 1755 nulla
927 1691 1037 1755 virtus
1066 1689 1165 1754 finita
1197 1689 1267 1775 agit
1300 1689 1335 1753 in
1358 1689 1505 1754 instanti

287 1779 409 1833 ⁰⁰²fim‘·
458 1792 544 1872 Quia
566 1792 594 1856 si
617 1793 729 1878 aliqua
751 1792 860 1858 virtus
883 1796 996 1880 ageret
1027 1793 1063 1856 in
1096 1792 1243 1870 instanti,
1267 1791 1374 1879 major
1404 1791 1508 1878 possit

456 1916 554 1982 agere
569 1895 606 1959 in
629 1895 770 1974 minori3
793 1900 833 1960 ut
848 1896 960 1982 arguit
975 1894 1171 1960 Anistoteles
1193 1893 1303 1960 sext0¹
1320 1898 1356 1959 et
1370 1894 1506 1960 oetavo’

457 1999 680 2085 Physieorum,
714 1999 772 2064 ubi
802 1999 884 2065 dicit
914 1999 1002 2085 quod
1035 1999 1144 2064 virtus
1173 1999 1271 2064 finita
1299 2003 1334 2063 et
1362 1997 1510 2064 infinita³

457 2124 524 2167 non
538 2107 676 2189 possunt
697 2124 793 2189 agere
816 2102 851 2166 in
874 2102 988 2168 eadem
1011 2101 1185 2168 duratione
1199 2125 1207 2182 ;
1230 2101 1289 2166 sed
1303 2101 1412 2167 virtus
1433 2101 1507 2166 infi-

456 2205 529 2268 nita
551 2205 623 2292 agit
645 2205 681 2269 in
703 2204 852 2282 instanti,
877 2225 955 2290 ergo
980 2203 1086 2269 omnis
1107 2204 1216 2268 virtus
1243 2203 1341 2270 finita
1370 2208 1449 2290 aget
1472 2203 1508 2269 in

457 2311 615 2393 tempore.

502 2409 638 2485 Iterum,
656 2413 736 2474 tuna
759 2413 844 2475 esset
865 2408 1004 2495 angelus
1027 2408 1125 2474 simul
1141 2408 1176 2473 in
1191 2408 1280 2487 coelo,
1296 2413 1332 2475 et
1346 2408 1383 2473 in
1398 2407 1506 2474 medio

455 2513 564 2598 spatii,
589 2518 624 2577 et
645 2514 680 2577 in
703 2518 817 2592 terra;
843 2517 878 2578 et
910 2513 960 2578 ita
982 2512 1082 2577 simul
1113 2519 1148 2578 et
1181 2511 1281 2578 semel
1303 2513 1338 2577 in
1369 2512 1508 2579 diversis

456 2614 553 2695 loeis3
577 2617 666 2700 quod
688 2637 756 2680 non
779 2619 888 2702 potest
910 2637 987 2681 essa
1033 2615 1079 2680 Et
1102 2614 1149 2680 sie
1164 2616 1204 2680 de
1226 2614 1301 2680 aliis
1315 2614 1508 2699 rationibus,

456 2738 530 2803 quas
553 2716 772 2784 ostendebant
794 2717 882 2804 quod
913 2716 1148 2783 transmutatio
1182 2717 1325 2803 eorporis
1347 2717 1384 2782 in
1405 2737 1509 2782 vaano

458 2819 559 2885 debet
582 2841 650 2885 esse
673 2820 708 2884 in
730 2823 978 2906 temperatum
993 2819 1121 2884 ratione
1144 2819 1385 2885 divisibilitatis
1399 2818 1508 2906 spatii,

457 2929 531 2987 tum
554 2922 633 3008 quia
656 2921 817 3008 transitus
839 2920 955 3008 puncti
977 2926 1029 2986 est
1043 2922 1078 2986 in
1094 2920 1256 3000 instanti;
1278 2943 1356 3009 ergo
1375 2920 1509 2987 linearis

457 3027 557 3113 spatii
580 3027 744 3092 transitus
767 3030 818 3092 est
841 3026 875 3090 in
898 3032 1053 3113 tempore.
1100 3025 1173 3091 Nee
1195 3026 1422 3112 impediuntur
1455 3025 1506 3092 ha
1630 3038 1636 3048 ‘

457 3129 531 3194 duae
547 3129 692 3194 rationes
714 3134 850 3217 propter
864 3128 1086 3194 resistentiam
1099 3152 1106 3208 ;
1130 3127 1209 3214 quia
1223 3149 1364 3193 vacuum
1380 3127 1506 3194 resistit

456 3232 592 3316 censori,
615 3232 674 3298 sed
696 3231 842 3298 medium
875 3230 1009 3317 plenum
1033 3252 1098 3295 non
1132 3229 1255 3295 resistit
1288 3230 1439 3317 spiritui;
1472 3235 1507 3296 et

456 3334 530 3398 ideo
554 3337 663 3418 potest
686 3334 811 3400 intrare
834 3334 924 3412 illud,
948 3339 982 3397 et
1003 3333 1159 3398 transibit
1191 3333 1281 3419 prius
1312 3356 1413 3400 unam
1435 3356 1509 3421 par·

457 3440 524 3500 tem
549 3436 648 3520 spatii
682 3457 781 3522 quam
804 3436 912 3514 aliam,
937 3440 1070 3522 propter
1093 3436 1314 3520 quantitatem
1345 3436 1443 3523 spatii
1473 3442 1508 3502 et

456 3537 621 3602 finitatem
645 3537 790 3603 virtut'.
826 3537 871 3603 Et
894 3537 1107 3624 proculdubio
1129 3537 1156 3602 si
1172 3538 1332 3604 transibit
1351 3539 1506 3625 spatium,

456 3639 614 3706 transibit
637 3641 672 3704 in
694 3645 848 3726 tempore,
865 3644 999 3727 propter
1020 3641 1183 3706 finitatem
1206 3641 1341 3706 virtutis
1363 3647 1399 3706 st
1413 3645 1507 3708 aab·

456 3766 509 3808 ras
532 3743 679 3809 rationes
701 3743 792 3829 prius
815 3742 942 3823 dietns3
977 3742 1065 3809 unda
1088 3743 1123 3807 in
1146 3742 1286 3809 instanti
1309 3765 1376 3809 non
1398 3748 1508 3830 potest

455 3852 531 3910 tran
549 3847 604 3911 ir.

287 3932 312 3986 12
322 3936 344 3986 ie
355 3937 424 3987 ¹¹⁰*
503 3869 758 4033 Sesdeobjicitur
780 3949 815 4014 in
838 3949 1041 4016 contrarium
1075 3949 1163 4035 quod
1187 3947 1381 4015 Mistoteles
1417 3947 1505 4028 dicit

281 4005 442 4129 {gateihats
456 4051 545 4136 quod
569 4051 770 4138 impartibile
793 4074 859 4118 non
882 4058 1045 4132 movetur,
1069 4058 1102 4118 et
1124 4051 1245 4139 probat
1264 4051 1324 4117 hoe
1354 4053 1388 4117 in
1412 4058 1507 4118 sexto

284 4135 409 4251 ffnlffim‘
457 4153 694 4238 Physieorum.⁴
755 4155 800 4220 Et
832 4177 899 4219 una
930 4157 1097 4221 rationum
1129 4155 1199 4241 ejus
1229 4160 1280 4221 est
1310 4155 1406 4234 talis3
1428 4177 1504 4221 nam

1040 4543 1049 4570 ²
1059 4542 1137 4604 finita
1164 4549 1187 4591 et
1215 4541 1326 4609 irfinr'la]
1356 4542 1454 4593 nanta
1481 4550 1507 4594 et

1006 4621 1084 4684 finita,
1101 4622 1131 4672 T.

1039 4701 1047 4729 ⁴
1063 4709 1130 4750 ssxlo
1143 4701 1310 4769 Physirorum]
1330 4719 1383 4769 cap.
1397 4719 1422 4755 xa
