3586 5640
457 757 522 821 446
837 768 966 821 noorai
992 767 1136 820 asooms
1421 754 1512 842 [cna.

454 946 546 1023 mias,
571 945 712 1023 Hierico,
745 944 962 1023 Hierusalem,
988 945 1223 1030 Hieronymus,
1254 951 1288 1011 et
1321 946 1511 1032 hujusmodi

455 1049 577 1114 debent
611 1047 749 1134 aspirari
782 1049 818 1112 in
856 1047 1025 1134 principio,
1083 1049 1180 1114 Jeaus
1218 1035 1283 1114 est*
1306 1049 1510 1115 Hebraicum

455 1151 580 1237 origine
592 1175 600 1230 ;
646 1152 702 1215 sed
735 1173 816 1237 pure
856 1150 1057 1215 Hebraioum
1088 1156 1138 1215 est
1172 1150 1196 1215 J
1198 1172 1283 1228 osue,
1308 1157 1343 1216 et
1374 1152 1539 1218 Graeous'

454 1259 505 1318 est
527 1250 653 1330 Yesus,¹
694 1256 733 1317 ut
767 1253 811 1317 sit
844 1252 946 1317 trium
981 1253 1190 1338 syllabarum.
1252 1253 1392 1317 Latinus
1425 1255 1509 1320 dicit

453 1354 559 1421 desua
617 1353 780 1421 Jobelees
803 1376 918 1432 annus,
953 1355 989 1417 in
1024 1354 1167 1420 secunda
1200 1355 1328 1440 syllaba
1359 1357 1462 1420 habet
1488 1379 1506 1422 e

452 1481 519 1524 non
541 1457 577 1539 a';
599 1479 660 1523 nec
682 1457 846 1523 dicituro
863 1456 982 1543 jubilo,
1008 1462 1048 1522 ut
1072 1457 1210 1522 sciemus
1232 1457 1376 1524 inferius.
1420 1459 1508 1525 Jus-

451 1566 508 1628 tua
553 1572 604 1626 est
648 1560 782 1626 nomino
828 1559 1008 1625 Hebraeum
1046 1564 1081 1626 et
1119 1558 1278 1624 Latinum
1315 1560 1508 1646 aequivooe3
1556 1557 1560 1561 ’

451 1669 490 1730 ut
514 1663 659 1729 Actuum
696 1662 804 1748 primo
830 1662 923 1749 [23.],
957 1662 1001 1726 ad
1036 1660 1225 1728 colosenses
1260 1668 1377 1748 quarto
1415 1663 1508 1750 [ll.].

451 1765 657 1853 Magdalena,
705 1764 818 1842 Maria,
858 1763 1017 1843 maehina,
1057 1763 1239 1829 Hebraeum
1276 1769 1327 1830 est
1371 1765 1508 1852 origine.

449 1867 626 1945 Memorio,
649 1867 785 1933 divitiae.
830 1866 920 1932 Mau
957 1870 1008 1931 est
1041 1865 1130 1951 quid,
1153 1888 1175 1931 a
1197 1887 1262 1951 quo
1288 1868 1510 1933 transumitur

450 1969 511 2036 hoe
533 1991 653 2035 nomen
673 1989 791 2046 mareu,
811 1990 876 2057 quo
900 1969 1079 2034 utebantur
1100 1968 1161 2032 filii
1185 1967 1289 2033 Israel
1310 1968 1347 2032 in
1369 1968 1508 2035 deserto.

451 2071 536 2140 Cum
568 2073 657 2137 enim
688 2073 843 2138 viderunt
874 2071 958 2136 illud
989 2070 1030 2135 de
1053 2070 1134 2136 ooelo
1166 2070 1280 2136 eadere
1314 2071 1510 2156 quaerebant

451 2182 470 2210 “
492 2173 581 2261 qaid
618 2173 677 2240 boe
691 2171 730 2240 ?''
778 2173 814 2238 in
853 2172 996 2238 Hebraeo
1030 2173 1175 2238 dieentes
1212 2170 1371 2251 maalu,·
1420 2192 1510 2240 naua

450 2281 501 2342 est
538 2276 626 2362 quid,
650 2275 708 2354 liu,
746 2275 815 2341 hoc.
861 2272 1041 2340 Nubelem
1080 2273 1264 2356 Hebraioe;
1310 2273 1509 2340 Psaltorium

451 2377 587 2457 Graeoe;
632 2377 856 2443 laudatorium
896 2376 1022 2443 Latine.
1066 2375 1177 2460 Niger
1213 2380 1264 2441 est
1300 2376 1508 2462 aequivocum

449 2480 492 2545 ad
530 2479 710 2544 Hebraeum
740 2483 775 2544 et
813 2479 979 2559 Latinum,
1007 2479 1048 2545 do
1086 2500 1152 2564 quo
1185 2477 1328 2544 habetur
1359 2479 1508 2544 Aotuum

449 2581 547 2646 tertio
571 2579 726 2665 [decimo]
751 2580 788 2644 in
810 2579 980 2666 principio,
1014 2581 1072 2645 ubi
1107 2579 1237 2660 dieitur,
1268 2585 1286 2614 “
1297 2578 1421 2658 Simon,
1449 2581 1508 2666 qui
1550 2572 1554 2580 ’

449 2684 629 2750 vooabatur
666 2680 800 2768 Niger.’'
861 2681 1011 2759 osanne,
1051 2681 1085 2748 id
1133 2687 1190 2759 est,
1237 2664 1329 2747 salva
1365 2682 1507 2748 obsecro.

449 2785 593 2854 Pascua.
632 2783 772 2850 Pharao
797 2806 865 2850 non
896 2789 947 2849 est
968 2806 1090 2850 nomen
1117 2784 1284 2871 proprium
1315 2784 1410 2871 regis,
1449 2785 1508 2850 sed

449 2889 549 2975 regiae
587 2887 768 2975 dignitatis,
807 2887 893 2953 siout
931 2885 1043 2953 Caesar
1076 2888 1164 2973 apud
1188 2887 1360 2952 Romanos.
1420 2885 1506 2955 Sao·

452 2989 570 3056 batum
591 2995 709 3056 notum
732 2996 790 3068 est,
822 2996 856 3055 et
889 2989 1049 3074 accipitur
1079 3010 1138 3074 pro
1169 2988 1350 3053 festivitate
1381 2993 1415 3055 et
1445 3011 1506 3075 pro

451 3092 505 3158 die
535 3093 683 3179 septima
708 3097 742 3157 et
774 3113 833 3177 pro
858 3089 1070 3156 hebdomada.
1116 3089 1291 3176 Sophiam
1314 3095 1364 3155 est
1386 3112 1506 3156 nomen

451 3194 570 3280 lapidis
594 3195 752 3274 Paradisi,
775 3199 809 3260 et
833 3194 1020 3259 Hebraeum.
1066 3191 1251 3260 Sorobollo
1281 3194 1386 3279 magis
1409 3192 1508 3259 Ohal-

452 3297 543 3360 dal'oe
573 3297 693 3361 dieitur
727 3301 761 3360 et
792 3300 871 3360 sunt
902 3295 1026 3360 braccae
1049 3295 1103 3359 vel
1126 3317 1227 3360 crura.
1273 3294 1415 3373 Sollion,
1449 3297 1508 3361 ad-

451 3399 620 3463 versarius.
689 3397 872 3484 Seraphim
917 3419 974 3483 per
1018 3419 1054 3464 aa
1095 3402 1145 3463 est
1189 3398 1324 3483 pluralia
1368 3399 1507 3464 numeri.

464 3498 595 3585 Serapi
617 3503 668 3565 est
706 3498 880 3586 singularis
919 3500 1057 3564 numeri.
1115 3497 1234 3567 Sicera
1272 3500 1377 3565 omnis
1409 3505 1508 3586 potus

451 3603 510 3689 qui
532 3603 568 3667 in
590 3602 782 3670 ebrietatem
811 3602 914 3691 ponit,
939 3602 1118 3668 secundum
1143 3602 1385 3688 Hieronymum
1408 3625 1507 3690 super

452 3707 581 3773 Isaiam.

285 3824 438 3877 Lasneom-
497 3809 657 3875 Similiter
688 3812 767 3874 sunt
798 3809 933 3872 nomina
964 3806 1142 3873 Cbaldalea
1164 3811 1198 3873 et
1221 3806 1385 3872 Abrabioa
1407 3808 1507 3874 innu-

284 4026 406 4075 andcon-
451 4015 540 4080 vitos
584 4036 637 4079 me
667 4013 763 4099 cogit,
802 4011 876 4077 ideo
922 4010 964 4076 de
1009 4011 1074 4076 illia
1111 4013 1304 4098 supersedeo
1342 4013 1385 4078 ad
1422 4012 1508 4078 bano

284 4093 397 4145 lemnes.
450 4115 571 4182 horam.
618 4115 899 4182 Considerandum
929 4118 980 4179 est
1017 4114 1121 4200 igitur
1163 4115 1301 4199 quaestio
1333 4117 1374 4181 de
1410 4137 1506 4180 voca-

450 4218 536 4284 bulis
570 4217 675 4282 dictis.
732 4217 860 4303 Vulgus
899 4215 1095 4282 Latinorum
1134 4238 1208 4282 cum
1239 4217 1403 4302 capitibus
1440 4219 1508 4282 suis

453 4319 681 4405 multipliciter
719 4319 869 4402 oberrat;
914 4319 1028 4405 primo,
1053 4319 1131 4405 quia
1162 4319 1307 4385 aestimat
1340 4343 1409 4387 esse
1444 4321 1506 4386 La-

591 4472 771 4479 .,.„......-...,..-...,
796 4473 1013 4479 ...........-.-...,
1041 4472 1321 4480 ---.—--..-—--...-..2...
1337 4475 1454 4482 -...--..-
1478 4477 1480 4481 ⁴

836 4556 843 4586 ¹
860 4553 950 4621 Yesua]
970 4554 1110 4618 YsuaMS.
