3586 5640
769 765 857 816 erus
878 765 995 817 surus
1227 768 1232 778 ·
1343 747 1408 820 879

357 938 442 1007 siem
464 937 586 1007 Venus·
632 937 720 1006 Item
742 937 830 1005 cslcr
843 938 936 1024 cupri
957 959 1025 1005 non
1047 943 1098 1005 est
1119 938 1253 1016 multus,
1276 942 1316 1004 ut
1330 937 1412 1007 dicit

357 1040 548 1121 Avicenus3
570 1039 628 1107 sed
651 1044 701 1106 est
723 1040 806 1107 bene
828 1039 1010 1121 humidum,
1034 1040 1112 1124 quie
1127 1039 1224 1105 eliter
1237 1060 1305 1106 nen
1323 1039 1411 1110 unde

356 1143 558 1221 solverem
590 1163 632 1208 ex
662 1162 727 1227 quc
760 1141 904 1208 sumitur
934 1142 1026 1209 aliud
1057 1145 1289 1228 argumentum
1323 1141 1412 1226 quod

357 1251 408 1313 est
441 1243 583 1310 eciidum
617 1248 651 1311 et
679 1243 854 1310 humidum
866 1268 875 1324 ς
907 1244 965 1310 sed
995 1248 1109 1309 temen
1131 1243 1302 1309 Avicenne
1332 1242 1413 1311 dicit

357 1345 447 1430 qued
468 1349 519 1411 est
550 1345 693 1411 calidum
722 1349 757 1410 et
779 1345 909 1411 siccum.
957 1344 1003 1411 Ee
1028 1345 1066 1411 in
1095 1344 1235 1410 secundo
1265 1343 1349 1411 libro
1371 1344 1413 1411 de

358 1445 536 1532 spiritibus
572 1452 606 1512 et
643 1444 844 1533 Corporibus
882 1446 1003 1513 dicitur
1039 1445 1198 1522 similiter,
1229 1445 1293 1511 nisi
1325 1445 1413 1531 quod

358 1547 486 1615 siccitas
523 1547 593 1631 ejus
629 1568 698 1613 nou
735 1553 786 1615 est
824 1548 954 1615 siccitas
991 1547 1068 1614 ferri
1106 1547 1164 1615 sed
1200 1547 1307 1613 minor
1343 1551 1413 1626 est3

358 1649 478 1716 eccidit
499 1649 664 1715 tamensi
686 1648 873 1736 hujusmodi
896 1651 1023 1717 siccitas
1046 1650 1125 1735 quie
1150 1648 1292 1717 mulium
1314 1648 1414 1715 habes

360 1749 401 1817 de
424 1749 588 1836 sulphure,
619 1749 706 1817 unde
738 1756 873 1838 propter
895 1751 956 1819 hoc
978 1752 1160 1818 citrinctur.

405 1850 484 1917 Non
514 1856 645 1938 eportet
677 1853 782 1938 igitur
804 1853 992 1939 quodlicet
1021 1855 1066 1920 sib
1097 1853 1138 1919 de
1161 1857 1255 1938 perte
1278 1851 1415 1918 Veneris

360 1954 450 2039 quod
486 1954 619 2019 omnino
656 1975 729 2020 eam
767 1959 922 2039 sequatur
967 1954 1002 2020 in
1040 1954 1257 2039 qualitatibus
1269 1978 1277 2032 ;
1315 1952 1415 2018 hebet

361 2057 449 2121 euim
471 2056 610 2121 celerem
632 2056 717 2121 sicut
739 2055 811 2141 ipse
832 2055 1066 2132 dominantem,
1089 2060 1124 2120 eb
1146 2055 1246 2121 hebet
1272 2054 1416 2121 mulium

361 2156 403 2222 de
424 2156 571 2234 humido,
590 2160 625 2221 ei
647 2157 683 2220 in
705 2155 766 2220 hoc
792 2155 912 2220 Veneri
934 2156 1118 2236 similatum
1140 2157 1197 2224 sed
1220 2155 1293 2242 plus
1315 2155 1416 2220 hebet

362 2257 404 2321 de
428 2256 511 2321 sicco
542 2277 642 2340 quem
667 2255 802 2321 humido
829 2257 1167 2343 complexicnsbiliter
1196 2262 1330 2344 propter
1351 2255 1416 2323 sul·

363 2356 450 2443 phur
471 2356 651 2425 abundans.
697 2355 907 2422 Necessum
934 2360 1082 2444 sequitur
1104 2358 1235 2425 omnine
1261 2363 1416 2424 usturam

361 2459 447 2538 sclis,
474 2459 552 2543 quic
575 2457 695 2525 solutio
710 2462 770 2533 ¹est
799 2459 932 2525 omnino
954 2458 1152 2546 tempersts¹
1176 2461 1262 2527 sicut
1290 2481 1415 2527 eurum

364 2560 451 2627 Item
474 2559 596 2626 dicitur
617 2559 758 2626 seeundo
781 2558 866 2624 libre
889 2560 930 2626 ds
952 2560 1131 2647 spiritibus
1153 2565 1188 2628 ei
1209 2561 1416 2648 Corporibus,

365 2684 501 2748 cuprum
531 2667 581 2728 est
606 2662 751 2748 ejusdem
781 2660 915 2727 duritiei
946 2684 1019 2728 eum
1042 2667 1180 2748 eugenie
1213 2667 1248 2729 et
1271 2662 1416 2746 ejusdem

364 2763 563 2848 liqusticnis
579 2768 613 2828 et
635 2784 704 2829 nou
726 2767 777 2828 est
799 2761 987 2830 differentia
1008 2764 1095 2829 inter
1117 2763 1224 2848 ipsum
1247 2767 1282 2829 et
1304 2784 1418 2847 ergen-

365 2870 437 2929 tum
475 2864 511 2927 in
545 2864 656 2929 colore.
714 2863 826 2949 Siquis
864 2864 895 2928 ei
925 2864 1029 2949 igitur
1063 2863 1253 2929 rubedinem
1289 2863 1417 2927 auferet

364 2970 537 3052 argentum
561 2965 633 3040 erit,
657 2965 735 3047 quie
757 2963 865 3048 ipsum
887 2966 938 3027 eet
967 2963 1004 3026 in
1025 2961 1194 3046 superficie
1219 2982 1355 3046 cuprum
1381 2965 1417 3026 et

365 3067 505 3133 interius
542 3069 727 3150 argenium.
775 3062 821 3126 Es
858 3063 966 3147 ipsum
1004 3067 1054 3126 esi
1090 3060 1192 3127 freter
1213 3061 1352 3146 urgenti,
1382 3067 1417 3127 et

366 3166 524 3250 quiequid
546 3165 735 3229 inimicetur
756 3166 893 3247 argento
915 3161 1104 3228 inimicatur
1125 3161 1165 3242 ei,
1191 3165 1231 3227 ut
1260 3165 1416 3228 stannum

367 3272 401 3330 et
425 3264 622 3347 hujusmodi.
668 3263 714 3328 Et
744 3284 881 3348 cuprum
911 3261 1020 3328 eribus
1051 3262 1157 3329 modis
1178 3267 1237 3342 est,
1268 3269 1306 3330 ut
1336 3264 1417 3331 dicis

366 3365 546 3442 Avicenne,
569 3368 662 3428 sexte
684 3363 776 3440 libro,
805 3364 929 3430 scilicet
950 3364 1088 3430 rubeum
1110 3386 1167 3430 seu
1190 3365 1352 3446 ciminum,
1383 3373 1417 3434 et

366 3467 479 3532 elbum
494 3470 528 3530 et
543 3465 682 3550 nigrum.
715 3464 868 3531 Rubeum
891 3470 926 3531 ei
948 3464 1069 3546 elbum,
1083 3467 1219 3532 meliore
1241 3473 1326 3535 sunu
1372 3469 1418 3535 Ec

365 3590 501 3655 cuprum
540 3565 758 3652 megisierieie
796 3571 847 3632 est
884 3566 1123 3634 Armeniacum.
1162 3568 1317 3634 Probetio
1339 3591 1418 3636 vero

366 3670 458 3757 cupri
480 3669 567 3745 boni,
593 3667 691 3731 detur
705 3667 748 3733 sb
764 3667 942 3745 Avieenne,
966 3673 1062 3734 sexto
1083 3669 1177 3734 libro.
1209 3669 1302 3737 Dicit
1315 3671 1419 3756 igitur

367 3773 456 3856 quod
476 3772 504 3835 si
523 3769 690 3845 fundetur,
707 3769 788 3833 etsi
811 3768 856 3834 sit
872 3769 930 3855 jus
951 3769 1099 3847 rubeum,
1114 3791 1182 3837 non
1205 3774 1254 3835 ess
1276 3770 1418 3850 bonum;

367 3875 396 3939 si
432 3894 500 3937 non
537 3872 658 3936 hebeat
703 3870 841 3935 colorem
887 3870 1041 3935 ciminum
1075 3870 1198 3937 benum
1243 3875 1302 3948 est,
1340 3871 1419 3957 quis

367 3975 506 4040 rubeum
524 3973 581 4059 jus
603 3977 654 4038 est
677 3975 809 4038 certum.
844 3971 931 4039 Item
953 3971 1003 4037 fec
1033 3972 1074 4037 de
1104 3973 1174 4059 ipso
1205 3972 1353 4050 laminas,
1384 3977 1420 4040 et

368 4081 501 4161 percute
526 4075 683 4140 luminam
713 4074 831 4139 melleo
860 4095 956 4160 super
978 4073 1138 4151 incudem,
1165 4078 1200 4140 st
1222 4075 1250 4139 si
1272 4073 1420 4143 infeceris

369 4178 473 4242 solum
512 4176 597 4242 sicut
634 4175 693 4262 qui
730 4179 826 4240 sonet
858 4174 1003 4240 rotundo
1030 4196 1096 4240 aere
1125 4175 1207 4240 scies
1243 4177 1333 4262 quod
1369 4181 1420 4247 ess

372 4284 500 4344 coctum
526 4276 873 4359 nimis;eisiscnet
895 4275 1010 4363 gracili
1032 4297 1111 4344 sono
1142 4278 1224 4345 scies
1252 4279 1341 4365 quod
1370 4283 1421 4348 esi

370 4381 502 4445 bonum.
538 4379 583 4444 Ee
606 4378 697 4458 dicit,
712 4379 831 4464 quinio
845 4378 940 4459 libro,
956 4378 1044 4463 qued
1065 4379 1095 4443 si
1117 4385 1212 4447 conas
1226 4380 1269 4445 ed
1284 4380 1420 4447 modum

691 4608 852 4677 ¹umperctc]
870 4616 1028 4676 tempestus,
1044 4608 1100 4666 MR
