<?xml version="1.0" encoding="UTF-8"?>
<!DOCTYPE html PUBLIC "-//W3C//DTD XHTML 1.0 Transitional//EN"
    "http://www.w3.org/TR/xhtml1/DTD/xhtml1-transitional.dtd">
<html xmlns="http://www.w3.org/1999/xhtml" xml:lang="en" lang="en">
 <head>
  <title>
</title>
<meta http-equiv="Content-Type" content="text/html;charset=utf-8" />
  <meta name='ocr-system' content='tesseract 3.04.00' />
  <meta name='ocr-capabilities' content='ocr_page ocr_carea ocr_par ocr_line ocrx_word'/>
</head>
<body>
  <div class='ocr_page' id='page_1' title='image "./operaqudamhacte00bacogoog_0429.png"; bbox 0 0 3586 5640; ppageno 0'>
   <div class='ocr_carea' id='block_1_1' title="bbox 404 1381 1253 1472">
    <p class='ocr_par' dir='ltr' id='par_1_1' title="bbox 404 1381 1253 1472">
     <span class='ocr_line' id='line_1_1' title="bbox 404 1381 1253 1472; baseline -0.001 0"><span class='ocrx_word' id='word_1_1' title='bbox 404 1383 599 1471; x_wconf 83' lang='lat' dir='ltr'><strong>ROGllltl</strong></span> <span class='ocrx_word' id='word_1_2' title='bbox 634 1383 861 1470; x_wconf 71' lang='lat' dir='ltr'><strong>clocula</strong></span> <span class='ocrx_word' id='word_1_3' title='bbox 896 1381 1030 1471; x_wconf 78' lang='lat' dir='ltr'>OPUS</span> <span class='ocrx_word' id='word_1_4' title='bbox 1066 1383 1253 1472; x_wconf 75' lang='lat' dir='ltr'><strong>MlNUS.</strong></span> 
     </span>
    </p>
   </div>
   <div class='ocr_carea' id='block_1_2' title="bbox 637 1699 1015 1710">
    <p class='ocr_par' dir='ltr' id='par_1_2' title="bbox 637 1699 1015 1710">
     <span class='ocr_line' id='line_1_2' title="bbox 637 1699 1015 1710; baseline 0.005 -2"><span class='ocrx_word' id='word_1_5' title='bbox 637 1699 1015 1710; x_wconf 58' lang='lat' dir='ltr'><strong>m</strong></span> 
     </span>
    </p>
   </div>
   <div class='ocr_carea' id='block_1_3' title="bbox 306 1984 1357 2122">
    <p class='ocr_par' dir='ltr' id='par_1_3' title="bbox 306 1984 1357 2122">
     <span class='ocr_line' id='line_1_3' title="bbox 306 1984 1357 2122; baseline 0.001 -22"><span class='ocrx_word' id='word_1_6' title='bbox 306 2088 311 2100; x_wconf 94' lang='lat'>.</span> <span class='ocrx_word' id='word_1_7' title='bbox 336 2089 341 2100; x_wconf 93' lang='lat'>.</span> <span class='ocrx_word' id='word_1_8' title='bbox 366 2084 374 2099; x_wconf 90' lang='lat'><strong>.</strong></span> <span class='ocrx_word' id='word_1_9' title='bbox 400 2036 529 2112; x_wconf 83' lang='lat' dir='ltr'><strong>unione,</strong></span> <span class='ocrx_word' id='word_1_10' title='bbox 555 2040 686 2100; x_wconf 84' lang='lat' dir='ltr'><strong>etcum</strong></span> <span class='ocrx_word' id='word_1_11' title='bbox 710 2056 830 2120; x_wconf 87' lang='lat' dir='ltr'><strong>vapore</strong></span> <span class='ocrx_word' id='word_1_12' title='bbox 856 2034 984 2120; x_wconf 79' lang='lat' dir='ltr'>plumbi</span> <span class='ocrx_word' id='word_1_13' title='bbox 1007 2056 1065 2119; x_wconf 91' lang='lat' dir='ltr'><strong>pro</strong></span> <span class='ocrx_word' id='word_1_14' title='bbox 1088 2020 1214 2099; x_wconf 63' lang='lat' dir='ltr'><strong>him-io*</strong></span> <span class='ocrx_word' id='word_1_15' title='bbox 1240 1984 1357 2122; x_wconf 85' lang='lat' dir='ltr'><strong>lapide,</strong></span> 
     </span>
    </p>
   </div>
   <div class='ocr_carea' id='block_1_4' title="bbox 226 2136 1360 3038">
    <p class='ocr_par' dir='ltr' id='par_1_4' title="bbox 226 2136 1360 3038">
     <span class='ocr_line' id='line_1_4' title="bbox 304 2136 1359 2213; baseline 0 -10"><span class='ocrx_word' id='word_1_16' title='bbox 304 2144 339 2203; x_wconf 89' lang='lat' dir='ltr'><strong>et</strong></span> <span class='ocrx_word' id='word_1_17' title='bbox 372 2144 501 2203; x_wconf 91' lang='lat' dir='ltr'><strong>ceratur</strong></span> <span class='ocrx_word' id='word_1_18' title='bbox 538 2160 612 2202; x_wconf 88' lang='lat' dir='ltr'><strong>cum</strong></span> <span class='ocrx_word' id='word_1_19' title='bbox 651 2136 748 2201; x_wconf 82' lang='lat' dir='ltr'><strong>rebus</strong></span> <span class='ocrx_word' id='word_1_20' title='bbox 782 2136 1028 2213; x_wconf 73' lang='lat' dir='ltr'><strong>desiccantibua</strong></span> <span class='ocrx_word' id='word_1_21' title='bbox 1068 2143 1102 2202; x_wconf 94' lang='lat' dir='ltr'><strong>et</strong></span> <span class='ocrx_word' id='word_1_22' title='bbox 1136 2160 1156 2202; x_wconf 91' lang='lat' dir='ltr'><strong>a</strong></span> <span class='ocrx_word' id='word_1_23' title='bbox 1185 2188 1192 2203; x_wconf 94' lang='lat'><strong>.</strong></span> <span class='ocrx_word' id='word_1_24' title='bbox 1224 2189 1260 2203; x_wconf 93' lang='lat'><strong>..</strong></span> <span class='ocrx_word' id='word_1_25' title='bbox 1296 2139 1359 2203; x_wconf 69' lang='lat' dir='ltr'><strong>us⁹</strong></span> 
     </span>
     <span class='ocr_line' id='line_1_5' title="bbox 305 2239 1359 2326; baseline 0.001 -22"><span class='ocrx_word' id='word_1_26' title='bbox 305 2262 382 2304; x_wconf 91' lang='lat' dir='ltr'><strong>vero</strong></span> <span class='ocrx_word' id='word_1_27' title='bbox 405 2240 601 2304; x_wconf 78' lang='lat' dir='ltr'><strong>sublimetur</strong></span> <span class='ocrx_word' id='word_1_28' title='bbox 624 2262 646 2324; x_wconf 92' lang='lat' dir='ltr'>p</span> <span class='ocrx_word' id='word_1_29' title='bbox 669 2288 676 2302; x_wconf 92' lang='lat'><strong>.</strong></span> <span class='ocrx_word' id='word_1_30' title='bbox 700 2288 706 2302; x_wconf 88' lang='lat'><strong>.</strong></span> <span class='ocrx_word' id='word_1_31' title='bbox 730 2239 943 2324; x_wconf 75' lang='lat' dir='ltr'><strong>margaritam</strong></span> <span class='ocrx_word' id='word_1_32' title='bbox 977 2239 1147 2303; x_wconf 81' lang='lat' dir='ltr'>duodecies</span> <span class='ocrx_word' id='word_1_33' title='bbox 1178 2262 1199 2326; x_wconf 95' lang='lat' dir='ltr'>p</span> <span class='ocrx_word' id='word_1_34' title='bbox 1223 2291 1229 2305; x_wconf 94' lang='lat'><strong><em>.</em></strong></span> <span class='ocrx_word' id='word_1_35' title='bbox 1254 2292 1260 2305; x_wconf 92' lang='lat'>.</span> <span class='ocrx_word' id='word_1_36' title='bbox 1284 2241 1359 2305; x_wconf 86' lang='lat' dir='ltr'><strong>siles</strong></span> 
     </span>
     <span class='ocr_line' id='line_1_6' title="bbox 304 2340 1360 2427; baseline 0.002 -21"><span class='ocrx_word' id='word_1_37' title='bbox 304 2341 418 2427; x_wconf 84' lang='lat' dir='ltr'><strong>tangi³</strong></span> <span class='ocrx_word' id='word_1_38' title='bbox 442 2363 525 2406; x_wconf 89' lang='lat' dir='ltr'><strong>auc.</strong></span> <span class='ocrx_word' id='word_1_39' title='bbox 553 2388 560 2404; x_wconf 91' lang='lat'><strong>.</strong></span> <span class='ocrx_word' id='word_1_40' title='bbox 586 2389 593 2406; x_wconf 91' lang='lat'>.</span> <span class='ocrx_word' id='word_1_41' title='bbox 618 2346 657 2405; x_wconf 90' lang='lat' dir='ltr'><strong>ut</strong></span> <span class='ocrx_word' id='word_1_42' title='bbox 680 2340 841 2406; x_wconf 82' lang='lat' dir='ltr'><strong>rubescat.</strong></span> <span class='ocrx_word' id='word_1_43' title='bbox 889 2340 955 2405; x_wconf 84' lang='lat' dir='ltr'><strong>Sed</strong></span> <span class='ocrx_word' id='word_1_44' title='bbox 978 2341 1050 2404; x_wconf 87' lang='lat' dir='ltr'><strong>calx</strong></span> <span class='ocrx_word' id='word_1_45' title='bbox 1072 2341 1148 2405; x_wconf 83' lang='lat' dir='ltr'><strong>eolis</strong></span> <span class='ocrx_word' id='word_1_46' title='bbox 1171 2348 1206 2406; x_wconf 91' lang='lat' dir='ltr'><strong>et</strong></span> <span class='ocrx_word' id='word_1_47' title='bbox 1222 2343 1360 2408; x_wconf 78' lang='lat' dir='ltr'><strong>Saturni</strong></span> 
     </span>
     <span class='ocr_line' id='line_1_7' title="bbox 305 2442 1359 2529; baseline 0.002 -21"><span class='ocrx_word' id='word_1_48' title='bbox 305 2445 517 2529; x_wconf 84' lang='lat' dir='ltr'><strong>requiruntur</strong></span> <span class='ocrx_word' id='word_1_49' title='bbox 548 2465 607 2528; x_wconf 91' lang='lat' dir='ltr'><strong>pro</strong></span> <span class='ocrx_word' id='word_1_50' title='bbox 645 2443 772 2507; x_wconf 84' lang='lat' dir='ltr'><strong>minere</strong></span> <span class='ocrx_word' id='word_1_51' title='bbox 802 2443 925 2529; x_wconf 88' lang='lat' dir='ltr'><strong>paccoli</strong></span> <span class='ocrx_word' id='word_1_52' title='bbox 949 2465 1026 2507; x_wconf 88' lang='lat' dir='ltr'><strong>vcro</strong></span> <span class='ocrx_word' id='word_1_53' title='bbox 1059 2442 1133 2507; x_wconf 86' lang='lat' dir='ltr'><strong>calx</strong></span> <span class='ocrx_word' id='word_1_54' title='bbox 1157 2443 1293 2510; x_wconf 85' lang='lat' dir='ltr'><strong>Veneris</strong></span> <span class='ocrx_word' id='word_1_55' title='bbox 1325 2451 1359 2510; x_wconf 89' lang='lat' dir='ltr'><strong>et</strong></span> 
     </span>
     <span class='ocr_line' id='line_1_8' title="bbox 306 2545 1360 2631; baseline 0.001 -22"><span class='ocrx_word' id='word_1_56' title='bbox 306 2547 411 2611; x_wconf 67' lang='lat' dir='ltr'><strong>Lunae</strong></span> <span class='ocrx_word' id='word_1_57' title='bbox 443 2566 501 2631; x_wconf 91' lang='lat' dir='ltr'><strong>pro</strong></span> <span class='ocrx_word' id='word_1_58' title='bbox 535 2545 632 2623; x_wconf 88' lang='lat' dir='ltr'><strong>talch,</strong></span> <span class='ocrx_word' id='word_1_59' title='bbox 666 2545 754 2631; x_wconf 92' lang='lat' dir='ltr'><strong>quod</strong></span> <span class='ocrx_word' id='word_1_60' title='bbox 786 2546 821 2609; x_wconf 91' lang='lat' dir='ltr'><strong>in</strong></span> <span class='ocrx_word' id='word_1_61' title='bbox 845 2546 950 2610; x_wconf 89' lang='lat' dir='ltr'><strong>colore</strong></span> <span class='ocrx_word' id='word_1_62' title='bbox 981 2551 1015 2610; x_wconf 92' lang='lat' dir='ltr'><strong>et</strong></span> <span class='ocrx_word' id='word_1_63' title='bbox 1045 2551 1166 2610; x_wconf 80' lang='lat' dir='ltr'><strong>natum</strong></span> <span class='ocrx_word' id='word_1_64' title='bbox 1194 2546 1360 2612; x_wconf 84' lang='lat' dir='ltr'><strong>similatur</strong></span> 
     </span>
     <span class='ocr_line' id='line_1_9' title="bbox 305 2646 1360 2735; baseline 0.001 -23"><span class='ocrx_word' id='word_1_65' title='bbox 305 2653 452 2735; x_wconf 83' lang='lat' dir='ltr'><strong>argento.</strong></span> <span class='ocrx_word' id='word_1_66' title='bbox 514 2646 640 2733; x_wconf 79' lang='lat' dir='ltr'><strong>Corpus</strong></span> <span class='ocrx_word' id='word_1_67' title='bbox 678 2669 757 2712; x_wconf 86' lang='lat' dir='ltr'><strong>vero</strong></span> <span class='ocrx_word' id='word_1_68' title='bbox 794 2647 974 2712; x_wconf 87' lang='lat' dir='ltr'><strong>calcinatur</strong></span> <span class='ocrx_word' id='word_1_69' title='bbox 1020 2670 1121 2732; x_wconf 90' lang='lat' dir='ltr'><strong>quum</strong></span> <span class='ocrx_word' id='word_1_70' title='bbox 1156 2650 1360 2713; x_wconf 79' lang='lat' dir='ltr'><strong>consumitur</strong></span> 
     </span>
     <span class='ocr_line' id='line_1_10' title="bbox 305 2750 1359 2835; baseline 0.001 -21"><span class='ocrx_word' id='word_1_71' title='bbox 305 2751 487 2814; x_wconf 76' lang='lat' dir='ltr'><strong>humiditas</strong></span> <span class='ocrx_word' id='word_1_72' title='bbox 517 2754 676 2815; x_wconf 86' lang='lat' dir='ltr'><strong>extranca</strong></span> <span class='ocrx_word' id='word_1_73' title='bbox 708 2751 744 2814; x_wconf 90' lang='lat' dir='ltr'><strong>in</strong></span> <span class='ocrx_word' id='word_1_74' title='bbox 771 2772 808 2815; x_wconf 91' lang='lat' dir='ltr'><strong>co</strong></span> <span class='ocrx_word' id='word_1_75' title='bbox 831 2772 962 2835; x_wconf 80' lang='lat' dir='ltr'><strong>perrea</strong></span> <span class='ocrx_word' id='word_1_76' title='bbox 1000 2750 1199 2814; x_wconf 82' lang='lat' dir='ltr'><strong>desiccantes</strong></span> <span class='ocrx_word' id='word_1_77' title='bbox 1237 2757 1270 2815; x_wconf 88' lang='lat' dir='ltr'><strong>et</strong></span> <span class='ocrx_word' id='word_1_78' title='bbox 1308 2773 1359 2816; x_wconf 89' lang='lat' dir='ltr'><strong>res</strong></span> 
     </span>
     <span class='ocr_line' id='line_1_11' title="bbox 305 2851 1358 2937; baseline 0 -21"><span class='ocrx_word' id='word_1_79' title='bbox 305 2853 499 2930; x_wconf 85' lang='lat' dir='ltr'><strong>adurentes;</strong></span> <span class='ocrx_word' id='word_1_80' title='bbox 522 2858 556 2917; x_wconf 93' lang='lat' dir='ltr'><strong>et</strong></span> <span class='ocrx_word' id='word_1_81' title='bbox 579 2874 680 2937; x_wconf 91' lang='lat' dir='ltr'><strong>quum</strong></span> <span class='ocrx_word' id='word_1_82' title='bbox 703 2851 856 2916; x_wconf 85' lang='lat' dir='ltr'><strong>cibantur</strong></span> <span class='ocrx_word' id='word_1_83' title='bbox 879 2874 1014 2937; x_wconf 89' lang='lat' dir='ltr'><strong>corpora</strong></span> <span class='ocrx_word' id='word_1_84' title='bbox 1038 2851 1207 2927; x_wconf 89' lang='lat' dir='ltr'><strong>Mercurio,</strong></span> <span class='ocrx_word' id='word_1_85' title='bbox 1225 2857 1259 2915; x_wconf 88' lang='lat' dir='ltr'><strong>ct</strong></span> <span class='ocrx_word' id='word_1_86' title='bbox 1282 2852 1358 2916; x_wconf 84' lang='lat' dir='ltr'><strong>sub·</strong></span> 
     </span>
     <span class='ocr_line' id='line_1_12' title="bbox 226 2953 1029 3038; baseline -0.001 -20"><span class='ocrx_word' id='word_1_87' title='bbox 226 2981 231 2991; x_wconf 94' lang='lat'>·</span> <span class='ocrx_word' id='word_1_88' title='bbox 305 2955 441 3019; x_wconf 85' lang='lat' dir='ltr'><strong>limatur</strong></span> <span class='ocrx_word' id='word_1_89' title='bbox 462 2955 505 3020; x_wconf 92' lang='lat' dir='ltr'><strong>ab</strong></span> <span class='ocrx_word' id='word_1_90' title='bbox 529 2954 582 3032; x_wconf 81' lang='lat' dir='ltr'><strong>eis,</strong></span> <span class='ocrx_word' id='word_1_91' title='bbox 600 2954 702 3018; x_wconf 88' lang='lat' dir='ltr'><strong>donec</strong></span> <span class='ocrx_word' id='word_1_92' title='bbox 724 2959 891 3018; x_wconf 83' lang='lat' dir='ltr'><strong>remaneat</strong></span> <span class='ocrx_word' id='word_1_93' title='bbox 915 2953 1029 3038; x_wconf 81' lang='lat' dir='ltr'><strong>pulvis.</strong></span> 
     </span>
    </p>
   </div>
   <div class='ocr_carea' id='block_1_5' title="bbox 305 3143 1532 4369">
    <p class='ocr_par' dir='ltr' id='par_1_5' title="bbox 305 3143 1532 4369">
     <span class='ocr_line' id='line_1_13' title="bbox 351 3143 1460 3231; baseline 0.003 -22"><span class='ocrx_word' id='word_1_94' title='bbox 351 3145 450 3210; x_wconf 88' lang='lat' dir='ltr'><strong>Nunc</strong></span> <span class='ocrx_word' id='word_1_95' title='bbox 484 3146 559 3210; x_wconf 86' lang='lat' dir='ltr'><strong>volo</strong></span> <span class='ocrx_word' id='word_1_96' title='bbox 597 3149 732 3231; x_wconf 85' lang='lat' dir='ltr'><strong>tangere</strong></span> <span class='ocrx_word' id='word_1_97' title='bbox 771 3145 909 3209; x_wconf 89' lang='lat' dir='ltr'><strong>aliorum</strong></span> <span class='ocrx_word' id='word_1_98' title='bbox 947 3143 1156 3220; x_wconf 81' lang='lat' dir='ltr'><strong>sententiam,</strong></span> <span class='ocrx_word' id='word_1_99' title='bbox 1185 3165 1262 3207; x_wconf 90' lang='lat' dir='ltr'><strong>nam</strong></span> <span class='ocrx_word' id='word_1_100' title='bbox 1300 3163 1358 3206; x_wconf 83' lang='lat' dir='ltr'><strong>sex</strong></span> <span class='ocrx_word' id='word_1_101' title='bbox 1372 3159 1460 3212; x_wconf 77' lang='lat' dir='ltr'><strong>orthe</strong></span> 
     </span>
     <span class='ocr_line' id='line_1_14' title="bbox 306 3225 1506 3344; baseline 0.003 -25"><span class='ocrx_word' id='word_1_102' title='bbox 306 3257 359 3321; x_wconf 84' lang='lat' dir='ltr'><strong>vel</strong></span> <span class='ocrx_word' id='word_1_103' title='bbox 392 3261 517 3342; x_wconf 84' lang='lat' dir='ltr'><strong>septem</strong></span> <span class='ocrx_word' id='word_1_104' title='bbox 549 3256 763 3342; x_wconf 87' lang='lat' dir='ltr'><strong>accipiuntur,</strong></span> <span class='ocrx_word' id='word_1_105' title='bbox 788 3260 827 3320; x_wconf 91' lang='lat' dir='ltr'><strong>ut</strong></span> <span class='ocrx_word' id='word_1_106' title='bbox 861 3255 941 3321; x_wconf 90' lang='lat' dir='ltr'><strong>dicit</strong></span> <span class='ocrx_word' id='word_1_107' title='bbox 963 3255 1137 3320; x_wconf 89' lang='lat' dir='ltr'><strong>Avicenna</strong></span> <span class='ocrx_word' id='word_1_108' title='bbox 1169 3254 1205 3318; x_wconf 92' lang='lat' dir='ltr'><strong>in</strong></span> <span class='ocrx_word' id='word_1_109' title='bbox 1228 3225 1506 3344; x_wconf 51' lang='grc' dir='ltr'><strong>Αηὶωωξὲίζζᾝέ</strong></span> 
     </span>
     <span class='ocr_line' id='line_1_15' title="bbox 305 3357 1532 3444; baseline 0 -23"><span class='ocrx_word' id='word_1_110' title='bbox 305 3358 397 3423; x_wconf 78' lang='lat' dir='ltr'><strong>libro,</strong></span> <span class='ocrx_word' id='word_1_111' title='bbox 443 3357 489 3422; x_wconf 82' lang='lat' dir='ltr'><strong>Et</strong></span> <span class='ocrx_word' id='word_1_112' title='bbox 503 3357 591 3423; x_wconf 83' lang='lat' dir='ltr'><strong>idem</strong></span> <span class='ocrx_word' id='word_1_113' title='bbox 607 3357 688 3422; x_wconf 86' lang='lat' dir='ltr'><strong>dicit</strong></span> <span class='ocrx_word' id='word_1_114' title='bbox 710 3358 752 3422; x_wconf 83' lang='lat' dir='ltr'><strong>ad</strong></span> <span class='ocrx_word' id='word_1_115' title='bbox 769 3358 891 3435; x_wconf 77' lang='lat' dir='ltr'><strong>Hasen,</strong></span> <span class='ocrx_word' id='word_1_116' title='bbox 908 3359 995 3444; x_wconf 91' lang='lat' dir='ltr'><strong>quod</strong></span> <span class='ocrx_word' id='word_1_117' title='bbox 1018 3358 1155 3423; x_wconf 88' lang='lat' dir='ltr'><strong>rubeum</strong></span> <span class='ocrx_word' id='word_1_118' title='bbox 1177 3358 1360 3444; x_wconf 89' lang='lat' dir='ltr'><strong>completur</strong></span> <span class='ocrx_word' id='word_1_119' title='bbox 1372 3360 1532 3410; x_wconf 75' lang='lat' dir='ltr'><strong>mutationes</strong></span> 
     </span>
     <span class='ocr_line' id='line_1_16' title="bbox 306 3427 1467 3546; baseline 0.002 -23"><span class='ocrx_word' id='word_1_120' title='bbox 306 3465 447 3546; x_wconf 91' lang='lat' dir='ltr'><strong>quatuor</strong></span> <span class='ocrx_word' id='word_1_121' title='bbox 469 3459 551 3524; x_wconf 84' lang='lat' dir='ltr'><strong>rotis</strong></span> <span class='ocrx_word' id='word_1_122' title='bbox 573 3465 608 3524; x_wconf 91' lang='lat' dir='ltr'><strong>et</strong></span> <span class='ocrx_word' id='word_1_123' title='bbox 630 3459 742 3524; x_wconf 88' lang='lat' dir='ltr'><strong>album</strong></span> <span class='ocrx_word' id='word_1_124' title='bbox 766 3460 881 3526; x_wconf 75' lang='lat' dir='ltr'><strong>tribus·</strong></span> <span class='ocrx_word' id='word_1_125' title='bbox 928 3461 973 3524; x_wconf 92' lang='lat' dir='ltr'><strong>Et</strong></span> <span class='ocrx_word' id='word_1_126' title='bbox 995 3461 1066 3526; x_wconf 84' lang='lat' dir='ltr'><strong>hoeo</strong></span> <span class='ocrx_word' id='word_1_127' title='bbox 1087 3481 1147 3525; x_wconf 81' lang='lat' dir='ltr'><strong>sua</strong></span> <span class='ocrx_word' id='word_1_128' title='bbox 1169 3483 1255 3545; x_wconf 88' lang='lat' dir='ltr'><strong>aqua</strong></span> <span class='ocrx_word' id='word_1_129' title='bbox 1276 3427 1467 3525; x_wconf 52' lang='lat' dir='ltr'><strong>benammi*</strong></span> 
     </span>
     <span class='ocr_line' id='line_1_17' title="bbox 307 3562 1360 3649; baseline 0 -23"><span class='ocrx_word' id='word_1_130' title='bbox 307 3563 505 3627; x_wconf 79' lang='lat' dir='ltr'><strong>misceantur</strong></span> <span class='ocrx_word' id='word_1_131' title='bbox 532 3566 567 3626; x_wconf 89' lang='lat' dir='ltr'><strong>et</strong></span> <span class='ocrx_word' id='word_1_132' title='bbox 599 3563 797 3628; x_wconf 87' lang='lat' dir='ltr'><strong>nutriantur.</strong></span> <span class='ocrx_word' id='word_1_133' title='bbox 844 3563 889 3629; x_wconf 89' lang='lat' dir='ltr'><strong>Et</strong></span> <span class='ocrx_word' id='word_1_134' title='bbox 926 3563 1057 3649; x_wconf 74' lang='lat' dir='ltr'><strong>signum</strong></span> <span class='ocrx_word' id='word_1_135' title='bbox 1095 3562 1360 3627; x_wconf 85' lang='lat' dir='ltr'><strong>incarcerationis</strong></span> 
     </span>
     <span class='ocr_line' id='line_1_18' title="bbox 307 3663 1360 3750; baseline -0.002 -22"><span class='ocrx_word' id='word_1_136' title='bbox 307 3669 358 3729; x_wconf 86' lang='lat' dir='ltr'><strong>est</strong></span> <span class='ocrx_word' id='word_1_137' title='bbox 389 3686 463 3728; x_wconf 88' lang='lat' dir='ltr'><strong>cum</strong></span> <span class='ocrx_word' id='word_1_138' title='bbox 502 3668 598 3728; x_wconf 92' lang='lat' dir='ltr'><strong>tuum</strong></span> <span class='ocrx_word' id='word_1_139' title='bbox 634 3685 715 3750; x_wconf 75' lang='lat' dir='ltr'><strong>opus</strong></span> <span class='ocrx_word' id='word_1_140' title='bbox 749 3665 909 3750; x_wconf 79' lang='lat' dir='ltr'><strong>liquescit,</strong></span> <span class='ocrx_word' id='word_1_141' title='bbox 947 3687 1045 3750; x_wconf 79' lang='lat' dir='ltr'><strong>super</strong></span> <span class='ocrx_word' id='word_1_142' title='bbox 1082 3664 1203 3728; x_wconf 86' lang='lat' dir='ltr'><strong>ferrum</strong></span> <span class='ocrx_word' id='word_1_143' title='bbox 1242 3663 1360 3727; x_wconf 80' lang='lat' dir='ltr'><strong>cadens</strong></span> 
     </span>
     <span class='ocr_line' id='line_1_19' title="bbox 307 3763 1360 3853; baseline -0.002 -22"><span class='ocrx_word' id='word_1_144' title='bbox 307 3767 393 3831; x_wconf 84' lang='lat' dir='ltr'><strong>sicut</strong></span> <span class='ocrx_word' id='word_1_145' title='bbox 426 3787 504 3830; x_wconf 87' lang='lat' dir='ltr'><strong>cera</strong></span> <span class='ocrx_word' id='word_1_146' title='bbox 551 3766 617 3830; x_wconf 86' lang='lat' dir='ltr'><strong>Sed</strong></span> <span class='ocrx_word' id='word_1_147' title='bbox 650 3772 779 3852; x_wconf 86' lang='lat' dir='ltr'><strong>oportet</strong></span> <span class='ocrx_word' id='word_1_148' title='bbox 814 3767 900 3853; x_wconf 91' lang='lat' dir='ltr'><strong>quod</strong></span> <span class='ocrx_word' id='word_1_149' title='bbox 933 3767 1149 3853; x_wconf 88' lang='lat' dir='ltr'><strong>projiciantur</strong></span> <span class='ocrx_word' id='word_1_150' title='bbox 1173 3767 1209 3829; x_wconf 90' lang='lat' dir='ltr'><strong>in</strong></span> <span class='ocrx_word' id='word_1_151' title='bbox 1231 3763 1360 3845; x_wconf 89' lang='lat' dir='ltr'><strong>coelum,</strong></span> 
     </span>
     <span class='ocr_line' id='line_1_20' title="bbox 309 3868 1361 3955; baseline 0 -22"><span class='ocrx_word' id='word_1_152' title='bbox 309 3874 344 3933; x_wconf 88' lang='lat' dir='ltr'><strong>et</strong></span> <span class='ocrx_word' id='word_1_153' title='bbox 375 3869 496 3933; x_wconf 87' lang='lat' dir='ltr'><strong>iterum</strong></span> <span class='ocrx_word' id='word_1_154' title='bbox 528 3868 761 3954; x_wconf 85' lang='lat' dir='ltr'><strong>demergantur</strong></span> <span class='ocrx_word' id='word_1_155' title='bbox 791 3870 827 3934; x_wconf 90' lang='lat' dir='ltr'><strong>in</strong></span> <span class='ocrx_word' id='word_1_156' title='bbox 859 3870 1021 3955; x_wconf 81' lang='lat' dir='ltr'><strong>abyssum.</strong></span> <span class='ocrx_word' id='word_1_157' title='bbox 1069 3869 1115 3935; x_wconf 89' lang='lat' dir='ltr'><strong>Et</strong></span> <span class='ocrx_word' id='word_1_158' title='bbox 1146 3869 1216 3935; x_wconf 89' lang='lat' dir='ltr'><strong>haec</strong></span> <span class='ocrx_word' id='word_1_159' title='bbox 1238 3869 1361 3934; x_wconf 79' lang='lat' dir='ltr'><strong>totiens</strong></span> 
     </span>
     <span class='ocr_line' id='line_1_21' title="bbox 309 3970 1360 4057; baseline 0.002 -23"><span class='ocrx_word' id='word_1_160' title='bbox 309 3971 378 4047; x_wconf 90' lang='lat' dir='ltr'><strong>fiat,</strong></span> <span class='ocrx_word' id='word_1_161' title='bbox 403 3970 505 4036; x_wconf 87' lang='lat' dir='ltr'><strong>donec</strong></span> <span class='ocrx_word' id='word_1_162' title='bbox 536 3970 624 4033; x_wconf 89' lang='lat' dir='ltr'><strong>filius</strong></span> <span class='ocrx_word' id='word_1_163' title='bbox 655 3970 715 4035; x_wconf 88' lang='lat' dir='ltr'><strong>fiat</strong></span> <span class='ocrx_word' id='word_1_164' title='bbox 741 3975 842 4057; x_wconf 86' lang='lat' dir='ltr'><strong>pater,</strong></span> <span class='ocrx_word' id='word_1_165' title='bbox 867 3977 901 4038; x_wconf 88' lang='lat' dir='ltr'><strong>et</strong></span> <span class='ocrx_word' id='word_1_166' title='bbox 934 3994 952 4037; x_wconf 89' lang='lat' dir='ltr'><strong>e</strong></span> <span class='ocrx_word' id='word_1_167' title='bbox 978 3993 1153 4051; x_wconf 84' lang='lat' dir='ltr'><strong>convers03</strong></span> <span class='ocrx_word' id='word_1_168' title='bbox 1177 3977 1211 4036; x_wconf 87' lang='lat' dir='ltr'><strong>et</strong></span> <span class='ocrx_word' id='word_1_169' title='bbox 1244 3992 1360 4056; x_wconf 84' lang='lat' dir='ltr'><strong>corpus</strong></span> 
     </span>
     <span class='ocr_line' id='line_1_22' title="bbox 309 4072 1360 4160; baseline 0.002 -24"><span class='ocrx_word' id='word_1_170' title='bbox 309 4073 370 4137; x_wconf 88' lang='lat' dir='ltr'><strong>fiat</strong></span> <span class='ocrx_word' id='word_1_171' title='bbox 392 4073 536 4158; x_wconf 89' lang='lat' dir='ltr'><strong>spiritus,</strong></span> <span class='ocrx_word' id='word_1_172' title='bbox 560 4072 646 4138; x_wconf 85' lang='lat' dir='ltr'><strong>sicut</strong></span> <span class='ocrx_word' id='word_1_173' title='bbox 669 4072 751 4137; x_wconf 89' lang='lat' dir='ltr'><strong>dicit</strong></span> <span class='ocrx_word' id='word_1_174' title='bbox 773 4072 913 4138; x_wconf 85' lang='lat' dir='ltr'><strong>Hermes</strong></span> <span class='ocrx_word' id='word_1_175' title='bbox 937 4074 1125 4155; x_wconf 85' lang='lat' dir='ltr'><strong>Mercurius,</strong></span> <span class='ocrx_word' id='word_1_176' title='bbox 1141 4079 1234 4160; x_wconf 79' lang='lat' dir='ltr'><strong>pater</strong></span> <span class='ocrx_word' id='word_1_177' title='bbox 1255 4072 1360 4159; x_wconf 90' lang='lat' dir='ltr'><strong>pbilo-</strong></span> 
     </span>
     <span class='ocr_line' id='line_1_23' title="bbox 310 4174 1361 4263; baseline 0.004 -25"><span class='ocrx_word' id='word_1_178' title='bbox 310 4175 492 4260; x_wconf 84' lang='lat' dir='ltr'><strong>sophorum.</strong></span> <span class='ocrx_word' id='word_1_179' title='bbox 538 4174 666 4240; x_wconf 90' lang='lat' dir='ltr'><strong>Iterum</strong></span> <span class='ocrx_word' id='word_1_180' title='bbox 689 4176 809 4242; x_wconf 77' lang='lat' dir='ltr'><strong>habeas</strong></span> <span class='ocrx_word' id='word_1_181' title='bbox 832 4177 867 4240; x_wconf 92' lang='lat' dir='ltr'><strong>in</strong></span> <span class='ocrx_word' id='word_1_182' title='bbox 898 4176 1016 4263; x_wconf 86' lang='lat' dir='ltr'><strong>quibus</strong></span> <span class='ocrx_word' id='word_1_183' title='bbox 1038 4177 1178 4243; x_wconf 81' lang='lat' dir='ltr'><strong>vinculis</strong></span> <span class='ocrx_word' id='word_1_184' title='bbox 1208 4181 1361 4243; x_wconf 88' lang='lat' dir='ltr'><strong>teneatur</strong></span> 
     </span>
     <span class='ocr_line' id='line_1_24' title="bbox 310 4277 1360 4369; baseline 0.006 -29"><span class='ocrx_word' id='word_1_185' title='bbox 310 4277 472 4342; x_wconf 89' lang='lat' dir='ltr'><strong>medicina</strong></span> <span class='ocrx_word' id='word_1_186' title='bbox 505 4277 679 4357; x_wconf 86' lang='lat' dir='ltr'><strong>laxativa;</strong></span> <span class='ocrx_word' id='word_1_187' title='bbox 711 4301 788 4345; x_wconf 89' lang='lat' dir='ltr'><strong>nam</strong></span> <span class='ocrx_word' id='word_1_188' title='bbox 821 4278 902 4344; x_wconf 78' lang='lat' dir='ltr'><strong>aliae</strong></span> <span class='ocrx_word' id='word_1_189' title='bbox 938 4280 1081 4346; x_wconf 85' lang='lat' dir='ltr'><strong>velocius</strong></span> <span class='ocrx_word' id='word_1_190' title='bbox 1119 4281 1224 4368; x_wconf 83' lang='lat' dir='ltr'><strong>fugiet</strong></span> <span class='ocrx_word' id='word_1_191' title='bbox 1262 4303 1360 4369; x_wconf 88' lang='lat' dir='ltr'><strong>quam</strong></span> 
     </span>
    </p>
   </div>
   <div class='ocr_carea' id='block_1_6' title="bbox 311 4598 1347 4771">
    <p class='ocr_par' dir='ltr' id='par_1_6' title="bbox 311 4598 1347 4771">
     <span class='ocr_line' id='line_1_25' title="bbox 346 4598 1347 4676; baseline 0.013 -29"><span class='ocrx_word' id='word_1_192' title='bbox 346 4601 352 4628; x_wconf 87' lang='lat'><strong>¹</strong></span> <span class='ocrx_word' id='word_1_193' title='bbox 364 4598 454 4666; x_wconf 74' lang='lat' dir='ltr'><strong>bitrio]</strong></span> <span class='ocrx_word' id='word_1_194' title='bbox 469 4601 560 4653; x_wconf 81' lang='lat' dir='ltr'><strong>Ibero?</strong></span> <span class='ocrx_word' id='word_1_195' title='bbox 595 4602 634 4654; x_wconf 80' lang='lat' dir='ltr'><strong>cf.</strong></span> <span class='ocrx_word' id='word_1_196' title='bbox 644 4604 683 4655; x_wconf 89' lang='lat' dir='ltr'><strong>Do</strong></span> <span class='ocrx_word' id='word_1_197' title='bbox 692 4604 751 4654; x_wconf 89' lang='lat' dir='ltr'><strong>Nul.</strong></span> <span class='ocrx_word' id='word_1_198' title='bbox 759 4605 817 4655; x_wconf 85' lang='lat' dir='ltr'><strong>Ma·</strong></span> <span class='ocrx_word' id='word_1_199' title='bbox 884 4607 893 4635; x_wconf 79' lang='lat'><strong>²</strong></span> <span class='ocrx_word' id='word_1_200' title='bbox 905 4606 960 4658; x_wconf 85' lang='lat' dir='ltr'><strong>The</strong></span> <span class='ocrx_word' id='word_1_201' title='bbox 972 4615 1022 4657; x_wconf 82' lang='lat' dir='ltr'><strong>rest</strong></span> <span class='ocrx_word' id='word_1_202' title='bbox 1030 4608 1059 4657; x_wconf 82' lang='lat' dir='ltr'><strong>of</strong></span> <span class='ocrx_word' id='word_1_203' title='bbox 1067 4609 1108 4660; x_wconf 81' lang='lat' dir='ltr'><strong>the</strong></span> <span class='ocrx_word' id='word_1_204' title='bbox 1117 4611 1185 4659; x_wconf 81' lang='lat' dir='ltr'><strong>word</strong></span> <span class='ocrx_word' id='word_1_205' title='bbox 1197 4610 1219 4660; x_wconf 86' lang='lat' dir='ltr'><strong>is</strong></span> <span class='ocrx_word' id='word_1_206' title='bbox 1230 4610 1347 4676; x_wconf 81' lang='lat' dir='ltr'><strong>illegible.</strong></span> 
     </span>
     <span class='ocr_line' id='line_1_26' title="bbox 311 4677 1243 4771; baseline 0.015 -45"><span class='ocrx_word' id='word_1_207' title='bbox 311 4677 367 4744; x_wconf 80' lang='lat' dir='ltr'><strong>gia,</strong></span> <span class='ocrx_word' id='word_1_208' title='bbox 376 4678 412 4728; x_wconf 90' lang='lat' dir='ltr'><strong>ix.</strong></span> <span class='ocrx_word' id='word_1_209' title='bbox 766 4764 770 4771; x_wconf 15' lang='grc' dir='ltr'><strong>ἡ</strong></span> <span class='ocrx_word' id='word_1_210' title='bbox 885 4686 983 4752; x_wconf 66' lang='grc' dir='ltr'><strong>ἰαιιςῆ</strong></span> <span class='ocrx_word' id='word_1_211' title='bbox 1002 4702 1048 4750; x_wconf 85' lang='lat' dir='ltr'><strong>pro</strong></span> <span class='ocrx_word' id='word_1_212' title='bbox 1059 4687 1143 4752; x_wconf 83' lang='lat' dir='ltr'><strong>lapide·</strong></span> <span class='ocrx_word' id='word_1_213' title='bbox 1153 4688 1243 4755; x_wconf 77' lang='lat' dir='ltr'><strong>Tagi?</strong></span> 
     </span>
    </p>
   </div>
   <div class='ocr_carea' id='block_1_7' title="bbox 0 0 1811 5640">
    <p class='ocr_par' dir='ltr' id='par_1_7' title="bbox 0 0 1811 5640">
     <span class='ocr_line' id='line_1_27' title="bbox 0 0 1811 5640; baseline 0 0"><span class='ocrx_word' id='word_1_214' title='bbox 0 0 1811 5640; x_wconf 95' lang='lat' dir='ltr'><strong> </strong></span> 
     </span>
    </p>
   </div>
  </div>
 </body>
</html>
