3586 5640
318 803 364 890 u]
744 811 923 868 sernum
945 818 967 866 1.
1302 791 1366 865 ’535

313 996 497 1062 manifeste
543 994 631 1060 Nem
658 994 703 1060 sic
719 993 869 1060 Socrates
897 995 1081 1073 draconem,
1105 997 1368 1078 corrumpentem

313 1099 484 1165 civitatem
507 1102 542 1163 et
564 1097 730 1184 regionem
753 1118 812 1162 suo
834 1096 983 1163 anhelitu
1005 1094 1229 1184 pestilentiali,
1253 1095 1367 1182 depre-

313 1200 431 1266 hendit
469 1199 610 1265 residere
647 1198 738 1264 intra
775 1200 939 1265 montium
976 1199 1143 1276 letibule3
1180 1197 1227 1263 sic
1265 1198 1365 1262 etium

313 1303 423 1368 omnia
454 1326 527 1389 quae
558 1307 667 1367 essent
696 1301 734 1366 in
771 1301 965 1368 civitatibus
998 1306 1033 1367 et
1063 1299 1262 1368 exercitibus
1293 1322 1367 1366 con-

313 1406 423 1470 trariis
445 1409 579 1491 possent
608 1403 650 1469 eb
677 1403 819 1469 inimicis
850 1403 1058 1491 deprehendi.
1103 1403 1242 1469 Possent
1264 1402 1366 1468 etism

312 1508 358 1572 sic
384 1507 519 1593 figurari
545 1529 689 1594 corpore,
713 1512 752 1572 ut
774 1506 896 1594 species
926 1511 961 1572 et
986 1506 1170 1572 influentiee
1192 1526 1366 1572 venenosae

312 1615 347 1675 et
379 1609 545 1676 infectivee
575 1609 773 1675 ducerentur
813 1631 879 1695 quo
908 1608 1009 1675 vellet
1047 1609 1167 1690 homo;
1205 1631 1283 1674 nem
1319 1609 1365 1674 sic

312 1711 506 1779 Aristoteles
546 1711 653 1778 fertur
691 1711 837 1778 docuisse
875 1711 1128 1790 Alexandrum
1167 1733 1231 1797 quo
1267 1710 1365 1777 docu-

311 1821 423 1880 mento
449 1836 614 1881 venenum
637 1814 787 1895 basilisci,
812 1815 913 1880 erecti
936 1837 1034 1902 super
1063 1835 1194 1879 murum
1217 1813 1364 1880 civitatis

311 1922 426 1983 contra
447 1917 636 1997 exercitum,
655 1916 796 1983 deduxit
817 1917 854 1982 in
875 1917 981 2004 ipsam
1000 1916 1179 1984 civitatem
1224 1916 1364 1982 Possent

311 2019 412 2084 etium
442 2019 488 2084 sic
517 2019 653 2105 figurari
683 2018 861 2106 perspicus,
893 2024 933 2085 ut
961 2018 1069 2085 omnis
1098 2018 1196 2085 homo
1233 2018 1364 2085 videret

311 2143 437 2202 eurum,
466 2125 501 2186 et
527 2125 711 2208 argentum,
736 2126 772 2186 et
793 2121 919 2208 lapides
942 2122 1111 2208 pretiosos,
1142 2124 1177 2186 et
1206 2121 1363 2207 quicquid

310 2222 408 2288 homo
430 2223 550 2303 vellet;
577 2224 819 2309 etquicunque
844 2223 1017 2290 festinaret
1040 2225 1085 2289 ed
1109 2223 1182 2289 loco
1207 2221 1360 2288 visionis¹

310 2325 393 2389 nihil
424 2325 597 2392 inveniret.
654 2325 733 2391 Non
761 2326 867 2414 igitur
896 2331 1026 2413 oportet
1055 2347 1115 2392 nos
1144 2325 1197 2391 uti
1226 2325 1362 2412 magicis

310 2427 517 2493 illusionibus
547 2449 650 2515 quum
680 2432 827 2515 potestus
857 2428 1070 2516 philosophiae
1097 2428 1211 2494 doceat
1235 2428 1364 2516 operari

309 2530 398 2616 quod
421 2529 563 2596 sufficit?

354 2632 420 2699 Sed
457 2633 498 2698 de
535 2632 779 2699 sublimioribus
818 2631 1062 2721 potestatibus³
1097 2633 1262 2722 figurandi
1300 2639 1360 2715 est,
1373 2647 1490 2715 antng

309 2736 396 2821 quod
421 2736 586 2802 ducantur
615 2742 650 2802 et
679 2741 922 2825 congregentur
945 2736 1032 2802 rodii
1058 2737 1248 2825 pervarias
1277 2716 1475 2823 sign-⁸¹⁸⁸*

306 2839 451 2905 rationes
473 2844 508 2905 et
529 2839 730 2920 reflexiones,
754 2839 790 2904 in
813 2838 905 2904 omni
926 2839 1087 2905 distentis
1110 2860 1176 2924 qus
1198 2839 1360 2919 volumus,

307 2946 469 3026 quotenus
492 2942 703 3007 comburetur
728 2941 885 3028 quicquid
907 2941 952 3006 eit
975 2940 1164 3026 objectum
1194 2962 1273 3006 num
1299 2941 1360 3006 hoc

306 3047 473 3109 testentur
507 3043 678 3130 perspicue
717 3042 943 3108 comburentis
972 3047 1050 3108 ente
1080 3047 1115 3107 et
1144 3047 1242 3122 retro,
1274 3043 1360 3107 sicut

306 3151 456 3211 suctores
482 3146 562 3210 certi
584 3145 702 3210 docent
728 3145 765 3209 in
789 3144 856 3210 suis
882 3144 983 3210 libris
1029 3144 1075 3209 Et
1089 3144 1197 3230 majus
1212 3145 1360 3211 omnium

306 3248 543 3332 figurationum
584 3252 619 3312 et
660 3268 770 3312 rerum
806 3248 1022 3335 figuratarum
1055 3251 1113 3326 est,
1145 3252 1185 3313 ut
1214 3247 1361 3314 coelestio
1484 3273 1487 3279 ·

307 3349 577 3428 describerentur,
609 3349 788 3416 secundum
826 3371 902 3416 suas
931 3349 1155 3438 longitudines
1185 3355 1220 3417 et
1243 3350 1360 3418 letitu·

306 3451 399 3516 dines
428 3451 465 3516 in
491 3451 600 3539 figura
623 3451 789 3539 corporali,
818 3473 885 3538 que
907 3458 1085 3518 moventur
1109 3458 1206 3520 motu
1230 3455 1357 3534 diurno,

305 3559 340 3618 et
369 3555 439 3620 haec
468 3555 617 3620 valerent
639 3576 778 3641 regnum
800 3575 904 3619 unum
925 3555 1052 3620 homini
1078 3556 1228 3641 sepienti
1275 3556 1361 3641 Haec

305 3655 409 3741 igitur
441 3655 606 3722 sufficiunt
640 3678 700 3744 pro
730 3657 880 3744 exemplo
918 3656 1164 3744 figurationum,
1206 3659 1356 3743 quamv-is

305 3757 439 3824 infinite
462 3759 529 3824 alis
552 3759 704 3825 mirande
727 3760 865 3846 proponi
887 3765 1021 3847 possent
1049 3760 1086 3825 in
1111 3759 1267 3826 medium

338 4106 344 4139 ¹
358 4106 469 4175 chronic]
489 4109 521 4159 ud
532 4108 615 4160 locum
626 4106 736 4173 visitare,
747 4108 775 4163 (l.
887 4110 897 4140 ¹
904 4107 1076 4176 potestatibus]
1096 4116 1213 4176 poteslas,
1223 4108 1280 4161 MS.

345 4189 408 4238 'non
424 4224 432 4241 .
449 4225 456 4240 .
472 4189 596 4257 ‚sufficifl
616 4203 664 4240 om.
676 4188 707 4243 C.
