3586 5640
309 771 378 859 an]
698 790 786 840 oros
807 790 969 843 rsarrtna
1291 779 1358 855 243

307 965 408 1033 batur
430 965 518 1050 quod
540 964 663 1052 gradus
686 971 795 1031 essent
818 967 853 1031 in
876 973 982 1035 acuto.
1015 967 1146 1048 Gradus
1168 967 1257 1043 enirn
1279 973 1358 1045 sunt

307 1067 343 1141 ia
374 1072 512 1136 aooentu
545 1089 645 1154 penes
678 1072 820 1148 acutum,
852 1092 997 1157 gravem,
1021 1074 1056 1144 et
1089 1071 1358 1151 circumflexam

306 1169 364 1239 ssd
386 1192 455 1245 non
476 1170 514 1247 in
536 1169 647 1256 ah'quo
670 1170 802 1242 illorum
824 1195 971 1260 unquam
986 1173 1108 1262 gradus
1130 1173 1231 1263 positi
1256 1172 1357 1292 stup,¹

306 1294 366 1346 nea
388 1273 476 1359 apud
499 1272 630 1340 Graeoos
651 1294 712 1337 neo
733 1275 822 1362 apud
845 1275 990 1357 Latinos
1029 1275 1075 1341 Et
1097 1280 1258 1362 praeterea
1279 1275 1357 1353 fin'as

306 1375 438 1460 dignior
459 1380 529 1455 est3
552 1379 588 1446 st
607 1375 681 1441 ideo
703 1398 772 1447 non
793 1378 961 1451 auferetur
982 1377 1109 1464 aliquid
1139 1377 1181 1442 de
1210 1378 1357 1457 acuitas

307 1477 444 1562 syllaba
466 1478 657 1562 sequentis;
691 1500 768 1565 ergo
790 1479 856 1545 erit
878 1503 938 1568 par
969 1478 1204 1566 monosyllabae
1234 1501 1356 1566 prraes-

307 1580 410 1655 danti,
446 1579 536 1665 quod
565 1586 652 1651 stare
682 1602 749 1646 non
783 1587 892 1667 potest
929 1587 1065 1670 propter
1102 1582 1355 1657 coincidentiam

307 1682 448 1756 duorum
473 1687 652 1762 acutorum,
676 1687 716 1750 ut
746 1684 836 1768 prius
867 1684 1018 1752 habitum
1050 1689 1109 1755 est,
1155 1682 1201 1762 Et
1231 1684 1356 1758 iterum

306 1783 378 1871 ipsi,
394 1785 472 1857 licet
493 1785 530 1857 in
551 1785 616 1857 fine
639 1806 753 1853 versus
775 1791 908 1864 acuunt,
924 1791 1037 1865 tamen
1058 1787 1096 1851 in
1117 1785 1235 1865 medio,
1252 1807 1354 1887 quum

305 1888 346 1960 fit
367 1887 434 1955 alia
456 1887 607 1972 pausatio
629 1908 688 1973 per
702 1887 795 1952 colon
818 1887 872 1952 vel
894 1909 1029 1971 somma,
1048 1910 1116 1966 non
1137 1887 1200 1961 hoo
1218 1886 1355 1967 faciunt,

305 1994 363 2061 sed
398 1998 547 2080 gravant.
604 1992 662 2069 Ut,
688 1992 820 2069 “Israel
857 1996 1091 2080 prevaricatus
1133 1999 1185 2067 est
1217 1993 1353 2085 legem.''

307 2096 373 2165 Hie
395 2103 441 2166 est
471 2101 638 2182 gravatur,
669 2101 703 2163 et
733 2095 883 2169 elevatur
912 2097 1018 2184 prima
1048 2096 1174 2183 syllaba
1202 2117 1351 2182 sequena

307 2198 372 2263 Sed
394 2197 486 2265 nulla
507 2196 593 2267 ratio
615 2200 724 2283 potest
745 2198 912 2284 assignari,
929 2221 1028 2284 quara
1058 2199 1095 2264 in
1123 2219 1191 2265 uno
1216 2198 1297 2280 looo,
1320 2203 1356 2265 et

306 2322 373 2365 non
402 2300 439 2366 in
465 2299 539 2378 alio,
562 2299 737 2372 elevantz²
768 2321 845 2387 ergo
868 2301 970 2382 fatua,
993 2306 1027 2369 ot
1050 2305 1163 2369 eontra
1184 2305 1290 2379 ortem
1320 2306 1356 2371 ot

306 2403 476 2480 rationem,
501 2407 551 2467 est
574 2401 761 2486 hujusmodi
776 2402 926 2469 elevatio.
973 2403 1019 2479 Et
1039 2404 1086 2470 sio
1108 2403 1203 2490 quasi
1232 2403 1356 2490 ubique

306 2505 342 2570 in
374 2504 542 2590 Scriptura
564 2503 776 2577 confunditur
804 2515 894 2575 recta
924 2506 1158 2579 voeabulorum
1190 2527 1355 2580 serrorum

306 2607 454 2692 prolatio,
478 2612 513 2670 et
534 2606 724 2678 scandalum
752 2613 931 2694 generatur
960 2607 1136 2683 vehemens
1167 2608 1356 2685 hominibus

304 2709 453 2788 literatis,
478 2709 535 2793 qui
557 2713 741 2795 sequuntur
761 2709 834 2775 vias
856 2711 937 2777 artis
959 2711 1157 2783 strationis.

739 2959 818 3024 Car.
843 2958 931 3022 LXI.

352 3130 514 3196 Transeo
551 3131 595 3196 ad
632 3132 697 3196 alia
733 3131 901 3196 musicalia
937 3139 1083 3216 prosatoa
1119 3150 1249 3198 annexa
1286 3129 1338 3196 his
1350 3154 1358 3210 3
1371 3135 1517 3207 Onuptrs·

307 3237 342 3297 et
373 3238 467 3319 patet
500 3233 589 3318 quod
615 3234 771 3320 aspiratio
804 3239 854 3298 est
883 3255 989 3298 unum
1013 3232 1054 3298 de
1076 3233 1157 3312 istis,
1192 3254 1270 3307 naor
1296 3202 1434 3303 subm·

307 3335 495 3401 serentibus
518 3337 706 3401 continetur
728 3335 816 3422 apud
832 3335 969 3402 Graeoos.
1001 3335 1089 3402 Nam
1104 3335 1256 3422 prosodia
1270 3337 1359 3423 apud

309 3436 439 3502 Graeoos
462 3439 583 3503 dicitur
614 3460 634 3502 a
671 3436 848 3525 προσωδεῖν,9
882 3438 970 3524 quod
1001 3443 1052 3511 est
1083 3445 1220 3508 amatore
1232 3463 1241 3519 3
1290 3436 1359 3527 πρδς

308 3540 396 3603 enim
429 3540 617 3626 praepositio
640 3539 752 3605 Graeoa
781 3541 872 3605 valet
901 3539 957 3618 ad,
990 3545 1024 3606 et
1046 3535 1124 3626 ᾠδὴ*
1147 3546 1197 3605 est
1228 3547 1358 3607 coatus.

309 3641 408 3706 Unde
430 3642 582 3728 prosodia
603 3647 654 3707 est
683 3643 771 3706 idem
798 3643 887 3728 quod
909 3643 1092 3722 ad-oantus,
1115 3664 1173 3709 ssu
1195 3647 1357 3719 assantur,

307 3747 343 3807 et
364 3744 426 3809 hoo
448 3749 498 3808 est
521 3747 673 3808 accentus
685 3767 693 3823 ;
724 3746 803 3828 quia
825 3749 977 3809 aooentus
1000 3744 1121 3808 dieitur
1143 3740 1204 3806 ab⁶-
1230 3741 1357 3819 averno,

307 3843 448 3925 aestate,
466 3846 560 3930 quasi
575 3846 617 3909 ad
635 3844 775 3910 oantus⁶
789 3846 843 3910 vel
858 3843 1037 3924 aooantus,7
1053 3849 1087 3909 et
1111 3845 1222 3916 aroino
1238 3843 1358 3910 dicitur

308 3947 348 4010 de
364 3947 411 4012 ad
426 3952 460 4012 et
475 3968 567 4024 eraso,
584 3945 704 4012 octao'a.a
748 3947 848 4013 Unde
871 3947 992 4012 dieitur
1014 3951 1174 4025 aooentuo,
1191 3947 1270 4030 quia
1291 3967 1359 4016 una

307 4049 434 4133 syllaba
456 4049 513 4114 adii
536 4053 729 4114 aeoantatur
750 4050 787 4114 in
808 4048 969 4135 prosodia.

341 4336 347 4365 ¹
359 4335 451 4401 produn
464 4337 541 4402 positi
560 4337 629 4401 runt]
657 4336 732 4400 positi
756 4345 813 4387 sunt
894 4335 960 4401 'ab]
979 4336 1017 4386 de.

307 4416 408 4481 gradus,
420 4415 451 4466 Τ.
867 4432 868 4436 ’
892 4416 1029 4479 ‘quasiad
1044 4419 1144 4486 caum]
1163 4416 1360 4486 quiescemus,

340 4495 349 4523 ²
360 4491 465 4560 elevant]
484 4495 590 4557 elevent,
603 4495 633 4547 Τ.
858 4494 888 4544 Β.

340 4573 350 4601 ¹
360 4573 500 4639 προσωδιΐν]
520 4574 646 4639 prosodin,
658 4573 689 4624 Τ.
701 4574 732 4626 B.
892 4574 901 4600 ⁷
912 4573 1042 4640 acernae]
1061 4576 1094 4627 ad
1105 4584 1201 4640 cantus,
1211 4577 1243 4633 B.

342 4653 351 4682 ⁴
364 4650 425 4717 ᾠδὴ]
445 4653 500 4712 ode,
512 4653 543 4704 T.
890 4655 979 4717 'cona
990 4655 1073 4722 oanis]
1092 4672 1163 4720 orno,
1173 4658 1204 4710 B.
