3586 5640
306 807 383 894 vm]
645 813 878 867 oonrrrmrn
899 811 1026 862 srunrr
1291 794 1357 859 453

304 997 503 1063 authentieae
536 1001 572 1060 et
602 991 757 1077 antiquae.
789 987 891 1053 Verbi
921 986 1037 1073 gratia,
1084 1005 1198 1049 omnes
1238 983 1356 1052 Bibliae

303 1100 447 1164 multum
477 1098 632 1182 antiquae,
664 1100 700 1159 et
732 1091 809 1156 libri
841 1096 1036 1167 sanctorum,
1063 1091 1098 1152 et
1131 1108 1244 1152 omnes
1276 1088 1355 1153 libri

304 1199 464 1267 Prisciani
489 1198 628 1284 antiqui,
652 1201 687 1261 et
709 1194 785 1259 libri
815 1191 925 1271 Plinii,
957 1196 991 1256 et
1012 1191 1089 1255 libri
1118 1188 1299 1266 medicinae,
1322 1196 1358 1256 ct

305 1304 363 1369 alii
401 1324 513 1368 omnes
544 1302 581 1365 in
614 1297 705 1365 omni
737 1295 895 1361 facultate
925 1298 1070 1359 utuntur
1102 1293 1165 1358 hoc
1198 1293 1359 1358 vocabulo

307 1405 476 1470 orichalco.
531 1401 601 1467 Ubi
623 1420 702 1465 vero
723 1420 782 1485 per
803 1396 862 1461 hos
884 1399 1040 1474 auctores,
1064 1395 1190 1460 scilicet
1212 1395 1360 1481 Papiam,

308 1506 546 1594 Hugutionem,
570 1508 604 1569 et
636 1501 815 1577 Britonem,
839 1498 998 1585 vulgatur
1028 1497 1234 1562 amicalem
1280 1495 1361 1561 Non

308 1609 414 1675 solum
437 1628 515 1672 vero
538 1604 771 1693 perantiquae
793 1606 908 1667 textus
930 1601 967 1664 in
989 1599 1080 1665 omni
1111 1598 1269 1664 facultate
1298 1598 1361 1664 hoc

307 1711 475 1798 probatur,
511 1708 568 1774 sed
590 1729 649 1795 per
670 1726 774 1771 novos
796 1704 897 1769 libros
928 1707 1100 1789 petitarum
1131 1707 1167 1768 et
1197 1702 1359 1786 antiquos,

307 1814 344 1879 in
367 1813 495 1900 quibus,
518 1810 646 1876 ratione
668 1806 776 1883 metri,
800 1805 1006 1872 concluditur
1031 1804 1119 1890 quod
1153 1825 1221 1869 non
1250 1807 1361 1890 potest

308 1916 372 1984 dici
393 1915 591 1982 auricalcum
614 1912 672 1978 scd
694 1909 898 1985 oridralcum,
945 1906 1046 1973 Unde
1070 1904 1268 1972 Horatiua2¹

391 2093 517 2159 “Tibia
539 2113 606 2157 non
629 2094 669 2156 ut
690 2109 778 2154 nunc
799 2084 960 2153 orichalco
977 2085 1097 2172 juncta
1117 2083 1302 2173 tubaequa”

309 2267 346 2333 Si
369 2270 454 2332 esset
486 2264 535 2345 ibi
573 2261 801 2339 auricalcum,
833 2264 919 2326 esset
948 2280 1061 2327 versus
1093 2259 1362 2326 inexcusabiliter

309 2368 455 2433 vitiosus
516 2364 678 2433 Similiter
708 2363 864 2450 Virgilius
886 2362 1079 2431 duodecimo
1100 2362 1258 2429 AEneidos
1279 2362 1362 2429 dicit

311 2471 399 2558 [87.]
410 2494 418 2535 ε

379 2655 395 2685 “
413 2648 488 2736 Ipse
512 2646 631 2714 dehinc
653 2667 734 2712 auro
757 2645 958 2733 squalentem
979 2644 1121 2733 alboque
1142 2644 1333 2715 orichaloa'’

311 2836 356 2900 Et
382 2834 458 2899 ideo
491 2832 649 2919 magister
670 2830 839 2897 lohannes
871 2830 912 2896 de
942 2828 1126 2899 Garlandia
1154 2832 1359 2923 vituperavit
1369 2846 1504 2899 solmam

311 2958 432 3013 omnes,
456 2934 543 2999 sicut
569 2955 630 3020 ego
653 2932 696 2998 ab
718 2933 788 3019 ejus
810 2954 867 2999 ora
887 2932 1010 2999 audivi
1056 2934 1103 3001 In
1122 2914 1521 3033 significationeffffl·

311 3061 389 3104 vcro
404 3042 439 3102 ct
461 3035 733 3122 interpretatione
755 3040 877 3101 errant.
905 3034 993 3103 (lum
1007 3036 1098 3103 enim
1120 3036 1236 3107 dicrmt
1255 3040 1361 3129 ipsum

312 3138 454 3206 derivari
475 3137 519 3203 ab
541 3137 716 3217 abrahoe
738 3158 808 3203 esse
829 3158 899 3204 non
920 3144 1040 3225 potest,
1055 3140 1136 3227 quia
1155 3162 1223 3207 non
1243 3144 1362 3209 dicitm

311 3241 508 3308 auricalcum
523 3240 582 3305 sed
596 3240 801 3306 orichalcum
833 3239 902 3307 Sed
915 3240 996 3327 quia
1009 3248 1203 3310 erraverant
1222 3244 1259 3311 in
1273 3268 1362 3326 voce,

312 3345 386 3410 ideo
409 3346 521 3408 errant
544 3341 580 3405 in
602 3340 815 3407 derivatione.
861 3340 961 3423 Quod
982 3342 1083 3409 etism
1112 3344 1267 3434 Hugutio
1288 3349 1364 3415 vult

313 3444 401 3532 quod
428 3444 557 3510 dicatur
578 3466 600 3508 a
622 3442 737 3524 calcor,
761 3444 850 3530 quod
883 3448 935 3511 est
964 3444 1097 3525 malum,
1119 3448 1213 3535 quasi
1244 3472 1363 3517 aurum

313 3548 445 3625 malum,
470 3547 548 3632 quia
578 3568 645 3611 non
667 3544 770 3611 habet
791 3546 857 3613 nisi
878 3546 1019 3613 colorem
1050 3548 1132 3629 auri,
1162 3550 1282 3617 falsum
1311 3560 1364 3619 est

313 3652 396 3730 hoc;
418 3650 496 3735 quia
510 3646 690 3713 secundum
712 3646 845 3715 Graecos
866 3648 989 3715 dicitur
1008 3672 1031 3716 a
1049 3652 1178 3737 χαλκὸς,
1201 3656 1290 3740 quod
1313 3664 1364 3722 est

314 3776 382 3834 aes3
426 3751 514 3816 unde
536 3755 587 3817 est
608 3771 654 3816 aes
675 3748 895 3837 splendidum.
939 3750 1108 3819 Isidorur²
1139 3754 1242 3821 etiam
1273 3759 1364 3824 cadit

315 3856 351 3920 in
384 3854 507 3919 vitium
540 3852 681 3917 istorum
714 3852 928 3938 antiquorum
958 3852 997 3919 in
1028 3860 1131 3942 parte,
1165 3858 1244 3943 quia
1276 3862 1365 3926 mi.

315 3956 429 4021 mabat
450 3954 538 4041 quod
561 3960 810 4041 componeretur
830 3954 875 4019 ab
896 3976 977 4021 auro
996 3962 1033 4023 et
1052 3956 1166 4039 caloae,
1193 3961 1283 4046 quod
1313 3969 1364 4028 ost

315 4080 369 4124 res.
416 4056 567 4123 Secunda
603 4076 680 4142 pars
716 4076 796 4121 vora
830 4061 892 4137 cst,
922 4054 982 4123 rad
1010 4056 1116 4143 prima
1149 4080 1218 4125 non
1254 4069 1364 4148 potest

315 4160 430 4225 teucri.
476 4158 571 4223 Brito
607 4176 688 4221 vero
723 4160 758 4221 et
793 4154 846 4221 sui
880 4156 960 4223 socii
995 4159 1156 4245 praedicti,
1187 4168 1248 4228 aut
1282 4166 1364 4230 falsa

316 4263 432 4327 dicunt
469 4280 546 4340 eme,
574 4264 634 4323 aut
663 4258 804 4345 propria,
832 4264 895 4325 auc
924 4258 1082 4327 deliciunt
1115 4262 1152 4329 in
1183 4268 1365 4333 necessaria

352 4677 725 4745 'IlaramJArrl’orcaoa
830 4680 841 4747 Ι
884 4680 1132 4753 'Iibujlltym
1144 4688 1250 4738 xriz’o.
