3586 5640
453 768 517 836 ³34
830 779 957 831 aosnar
980 778 1125 830 nacorrs

451 956 545 1020 illum
576 958 710 1041 propter
741 954 1004 1041 magnitudinem
1035 951 1225 1039 contempti,
1258 955 1293 1016 et
1332 949 1506 1017 adhaerans

451 1058 536 1121 libro
583 1056 846 1122 Conclusionum.
909 1056 954 1120 Et
984 1054 1058 1119 ideo
1090 1055 1147 1139 qui
1182 1053 1303 1118 volunt
1344 1049 1506 1138 corrigere

452 1164 585 1224 textum
624 1162 759 1222 mutant
797 1157 972 1241 antiquam
1009 1155 1270 1242 grammaticam,
1296 1176 1402 1240 quam
1447 1175 1505 1239 op

452 1260 533 1325 time
558 1259 657 1325 scivit
687 1260 920 1344 Hieronymus,
949 1257 1006 1343 qui
1036 1256 1219 1336 transtulit,
1254 1276 1292 1321 eo
1315 1255 1405 1342 quod
1435 1255 1505 1320 Do-

452 1367 552 1427 natus
577 1382 725 1448 magnus,
750 1365 785 1425 et
810 1360 914 1444 major
937 1358 1123 1424 Priscianus
1153 1357 1219 1423 fuit
1245 1358 1315 1444 ejus
1338 1356 1503 1442 magister.

452 1463 541 1528 Nam
572 1463 610 1527 in
640 1462 806 1548 aliquibus
836 1461 948 1526 deficit
974 1461 1161 1526 Priscianus
1187 1460 1247 1524 ubi
1277 1459 1504 1544 Hieronymus

452 1565 633 1630 rectissime
660 1563 768 1628 sensit.
815 1563 981 1628 Praeterea
1009 1562 1157 1648 specialis
1182 1582 1280 1626 causa
1304 1561 1422 1626 erroris
1444 1564 1502 1638 est,

453 1666 541 1752 quod
571 1686 640 1730 non
674 1666 855 1729 advertunt
893 1686 959 1749 qua
993 1660 1209 1728 translatione
1239 1663 1347 1728 utitur
1370 1660 1506 1728 ecclesia

454 1768 657 1832 Latinorum
715 1766 804 1830 Nam
834 1771 971 1852 propter
1006 1765 1069 1830 hcc
1099 1765 1187 1850 quod
1216 1765 1334 1829 vident
1370 1762 1504 1829 literam

453 1869 708 1935 diversificatam
761 1868 941 1932 secundum
985 1865 1094 1953 capita
1139 1865 1353 1945 diversorum,
1399 1865 1505 1932 credit

451 1971 572 2058 vulgus
609 1970 847 2055 theologorum,
878 1968 966 2054 quod
998 1988 1066 2033 non
1101 1967 1147 2032 sit
1189 1967 1366 2033 translatio
1410 1965 1503 2032 beati

454 2071 664 2159 Hieronymi,
696 2068 754 2136 sed
784 2071 852 2136 alia
882 2071 991 2136 versio
1032 2068 1141 2134 mixta
1170 2073 1204 2134 et
1244 2069 1422 2155 compilata
1458 2089 1502 2134 ex

452 2173 598 2240 diversis.
656 2173 701 2237 Et
730 2178 864 2260 propter
901 2172 963 2237 hoc
998 2192 1072 2238 cum
1102 2170 1218 2257 majori
1247 2170 1403 2236 libert-ate
1425 2170 1504 2236 mis·

452 2280 568 2341 centur
598 2274 758 2339 vocabula
789 2295 862 2359 quae
892 2273 1019 2339 volunt
1068 2271 1135 2338 Sed
1169 2271 1261 2337 istud
1289 2271 1502 2337 falsissimum

451 2382 511 2442 est
558 2376 647 2440 Nam
662 2376 733 2440 sola
750 2374 969 2440 translatione
986 2372 1186 2460 Hieronymi
1204 2376 1346 2438 utuntur
1360 2372 1502 2440 ecclcsiae

451 2477 654 2554 Latinorum,
687 2480 809 2562 praeter
846 2475 1053 2556 Psalterium‚
1100 2475 1188 2560 quod
1219 2479 1270 2540 est
1308 2475 1348 2539 de
1393 2480 1503 2541 truns-

449 2579 575 2644 latione
607 2577 827 2663 Septuaginta
850 2577 1080 2663 interpretum,
1120 2577 1208 2662 quod
1234 2576 1309 2641 ideo
1330 2577 1500 2655 remansit,

450 2681 530 2767 quia
551 2678 669 2744 mod0¹
692 2678 758 2743 fuit
775 2678 950 2764 vulgatum
972 2679 1009 2742 in
1033 2677 1167 2743 ecclesia
1189 2677 1254 2742 Dei
1275 2683 1355 2742 ante
1379 2677 1502 2764 quam²

451 2782 676 2868 Hieronymus
706 2781 883 2845 transtulit
914 2801 1027 2846 eorum
1060 2779 1313 2845 translationem
1343 2780 1380 2844 in
1409 2779 1501 2846 Lati·

449 2903 539 2964 num,
568 2887 604 2949 et
640 2882 784 2949 correxit
814 2881 906 2947 illam
955 2903 1030 2947 cum
1070 2882 1233 2947 asteriscis
1277 2887 1312 2947 et
1360 2881 1501 2948 obelis³

450 2984 496 3051 Et
518 2985 592 3051 ideo
615 2988 788 3071 reputatur
811 2983 905 3068 quasi
927 2983 1102 3048 translatio
1118 2983 1316 3070 Hieronymi
1330 3007 1338 3065 3
1354 2983 1412 3048 sed
1434 3005 1501 3049 non

450 3093 508 3166 est,
540 3087 618 3173 quia
647 3107 706 3152 sua
736 3075 786 3151 est
812 3084 1003 3151 immediate
1027 3085 1067 3150 de
1098 3085 1249 3151 Hebraeo.

496 3189 659 3268 Quoniam
692 3209 771 3253 vero
807 3187 996 3273 ignorantia·
1027 3187 1253 3252 translationis
1290 3207 1356 3272 qua
1392 3187 1501 3252 utitur

448 3291 581 3356 ecclesia
601 3290 702 3354 faciat
724 3288 866 3353 multum
889 3289 930 3353 de
952 3310 1060 3353 errore
1090 3290 1126 3352 in
1156 3288 1352 3353 correctione
1376 3295 1499 3369 textus,

449 3392 521 3455 ideo
551 3390 626 3454 volo
656 3390 710 3454 hic
738 3390 842 3455 facere
873 3391 1053 3474 capitulum
1087 3390 1127 3454 de
1156 3390 1216 3455 hac
1240 3412 1283 3471 re,
1312 3396 1352 3456 ut
1381 3397 1500 3457 vestrae

449 3491 561 3579 gloriae
594 3492 753 3556 veraciter
786 3491 1019 3576 persuadeatur
1050 3491 1138 3576 quod
1171 3492 1349 3556 tenendum
1387 3493 1432 3557 sit
1464 3495 1501 3556 in

451 3596 511 3660 hac
532 3598 634 3680 parte.
692 3591 789 3672 Quod
816 3599 926 3658 autem
964 3594 1000 3656 in
1038 3593 1177 3658 ecclesiis
1208 3593 1401 3658 Latinorum
1431 3595 1501 3660 sola

450 3697 622 3761 translatio
639 3694 836 3779 Hieronymi
859 3695 903 3759 sit
925 3696 960 3758 in
982 3715 1044 3758 usu
1066 3700 1167 3780 patet,
1183 3700 1217 3758 et
1232 3697 1318 3780 quod
1341 3697 1411 3761 hacc
1433 3697 1502 3760 sola

451 3801 495 3864 sit
521 3800 557 3862 in
591 3798 742 3862 omnibus
775 3795 892 3859 Bibliis
923 3796 1116 3862 Latinorum
1146 3801 1265 3882 praeter
1295 3797 1498 3876 Psalterium‚

450 3901 528 3966 licet
554 3901 598 3964 sit
624 3897 849 3983 multipliciter
875 3919 933 3983 per
957 3897 1129 3983 scriptores
1161 3904 1195 3962 et
1225 3903 1419 3963 correctores
1445 3899 1500 3964 dc·

450 4008 589 4088 pravata
611 4003 646 4065 in
670 4000 849 4085 exemplari
876 3999 1058 4078 Parisiensi,
1083 4000 1241 4084 probatur
1267 4000 1499 4085 multipliciter.

452 4103 497 4167 Et
512 4103 618 4190 primo
639 4122 696 4188 per
712 4102 882 4178 Isidorum,
898 4100 982 4166 libro
1002 4101 1053 4165 De
1069 4100 1192 4166 Officiis
1206 4100 1236 4165 :⁴
1260 4109 1278 4138 “
1290 4100 1341 4166 De
1357 4100 1500 4168 Hebraeo

452 4210 470 4240 “
493 4206 529 4269 in
548 4206 704 4269 Latinum
727 4204 891 4289 eloquium
913 4202 1137 4288 Hieronymus
1160 4204 1331 4289 presbyter
1353 4209 1500 4269 tantum·

483 4481 491 4513 ¹
503 4479 582 4543 modo]
597 4495 645 4529 cm.
657 4478 740 4542 Hody.
1029 4481 1039 4511 ⁸
1050 4477 1134 4544 obelis]
1153 4478 1259 4538 rebellis,
1271 4479 1327 4532 MS.

451 4561 562 4690 Μὲαηῑο
572 4559 655 4622 quam]
675 4555 760 4622 Hody.
790 4556 871 4620 Atque
882 4559 945 4622 quic,
1031 4559 1092 4608 ⁴Dc
1106 4558 1215 4624 Officiis]
1230 4559 1246 4609 i.
1259 4564 1297 4610 12.
