3586 5640
482 760 547 824 352
859 772 987 821 noarru
1012 772 1156 821 mcorrs

481 943 568 1026 quod
592 964 659 1007 non
683 947 792 1029 potest
814 963 883 1007 osse
905 942 1072 1007 ablativus
1095 962 1197 1021 casus,
1220 941 1277 1006 sed
1311 940 1537 1005 nominativus

482 1044 592 1109 acutri
615 1045 749 1130 generis,
767 1045 853 1110 sicut
875 1045 963 1131 apud
987 1067 1056 1109 nos.
1103 1044 1149 1108 Et
1171 1045 1245 1108 ideo
1267 1044 1428 1129 glossator
1450 1040 1536 1105 male

481 1144 561 1210 dicit
599 1146 688 1231 quod
718 1151 828 1232 potest
858 1168 926 1211 esse
958 1146 1097 1210 ablativi
1132 1167 1224 1209 ersus
1253 1145 1306 1209 rel
1337 1142 1537 1209 nominativi

480 1246 715 1313 indifferenter.
777 1249 822 1313 Et
860 1249 895 1311 iu
937 1248 1107 1326 Mattiaco,
1146 1247 1336 1311 duodecimo
1381 1245 1535 1331 capitulo,

482 1348 667 1434 “Spiritus
698 1348 930 1436 blasphemio”
953 1349 1052 1414 debet
1081 1348 1154 1425 dici,
1186 1354 1222 1413 et
1254 1370 1322 1413 non
1357 1347 1536 1433 “Spiritus

482 1457 499 1491 “
522 1448 761 1537 blasphemiae,’'
777 1450 856 1536 quia
878 1451 1013 1537 spiritus
1036 1455 1086 1515 est
1108 1449 1247 1537 genitivi
1271 1471 1369 1525 casus,
1386 1470 1425 1514 eo
1447 1448 1535 1533 quod

481 1552 517 1615 in
533 1552 646 1618 Graeco
661 1553 796 1639 ponitur
818 1554 988 1635 πνεύματος,
1009 1551 1097 1638 quod
1119 1557 1170 1616 est
1183 1552 1349 1637 genitivus
1364 1550 1462 1635 hujus
1477 1571 1536 1615 no-

481 1653 578 1718 minis
611 1676 739 1721 aeuma
748 1679 762 1734 ,·
794 1654 882 1719 unde
908 1655 1044 1740 spiritus
1074 1659 1124 1717 est
1150 1651 1351 1739 blasphemia
1380 1651 1535 1739 Spiritus,

480 1760 515 1819 et
539 1777 605 1819 non
632 1756 767 1842 spiritus
790 1755 1005 1842 blasphemiae.
1052 1754 1098 1819 Et
1121 1753 1182 1819 hoo
1203 1759 1296 1839 patet
1318 1753 1434 1833 alitcr;
1457 1775 1535 1817 nam

481 1856 629 1941 spiritus
659 1856 874 1944 blasphemia
904 1862 955 1922 est
985 1857 1090 1921 malus
1124 1856 1268 1942 spiritus,
1298 1854 1355 1920 sed
1386 1853 1536 1942 blasphe-

482 1959 548 2021 mia
586 1958 729 2045 Spiritus
775 1957 889 2024 Sancti
927 1958 1086 2044 accipitur
1122 1956 1180 2037 ibi,
1218 1956 1304 2022 sicut
1348 1961 1441 2042 patet
1478 1978 1537 2042 per

481 2065 613 2125 textum
636 2068 849 2152 sequentem
877 2066 911 2125 et
941 2082 1000 2145 per
1031 2059 1191 2138 Marcum,
1216 2058 1357 2123 secundo
1384 2058 1536 2144 capitulo.
1606 2122 1610 2127 .

482 2162 528 2226 Et
560 2163 632 2227 ideo
664 2184 802 2248 magnus
834 2161 954 2227 accidit
984 2182 1073 2226 orror
1107 2182 1182 2224 cum
1215 2160 1359 2247 Spiritus
1396 2158 1537 2224 Sanctus

481 2269 701 2329 commutetur
723 2264 760 2327 iu
783 2263 936 2349 spiritum
959 2262 1150 2348 malignum.
1196 2261 1241 2326 Et
1264 2266 1401 2347 possunt
1423 2260 1536 2326 induci
1612 2282 1620 2301 .

482 2365 630 2450 oxornpla
662 2365 847 2429 communia
877 2365 913 2429 in
946 2363 1088 2430 Hebraeo
1126 2368 1161 2429 et
1199 2363 1313 2428 Graeco
1347 2363 1388 2429 de
1423 2363 1537 2429 Veteri

481 2464 712 2544 Testarueat03
735 2465 822 2529 unde
845 2465 1062 2550 Augustinus,
1080 2465 1131 2530 Dc
1154 2464 1315 2529 Doctrina
1338 2464 1537 2543 Christiana,

481 2566 516 2629 in
538 2567 622 2632 libro
645 2567 733 2631 dicit.
768 2617 774 2632 .
810 2617 816 2631 .
849 2566 868 2631 .¹
903 2566 1064 2631 Similiter
1085 2568 1122 2630 in
1147 2564 1265 2630 Genesi
1287 2566 1426 2652 legimus
1448 2567 1536 2652 quod

480 2667 586 2732 «ludas
631 2668 772 2732 tradidit
809 2689 867 2753 pro
905 2668 1090 2733 arrabone²
1124 2668 1275 2744 Thamar,
1313 2667 1468 2733 baculum
1502 2675 1538 2734 ct

480 2769 639 2834 annulum
677 2791 736 2856 pro
774 2769 869 2835 haedo
907 2769 948 2833 dc
985 2770 1148 2856 gregibus.
1205 2768 1251 2835 Et
1284 2769 1433 2835 doctores
1467 2792 1536 2833 mo-

482 2871 577 2936 derni
604 2871 719 2937 dicunt
745 2871 833 2957 quod
857 2870 1006 2936 arrabon
1031 2872 1118 2935 idem
1142 2870 1300 2957 estquod
1329 2892 1424 2951 arra,
1448 2871 1537 2955 quod

482 2974 600 3038 salsum
633 2979 690 3039 est.
748 2974 836 3038 Naar
868 2995 953 3039 arra
987 2973 1075 3059 apud
1106 2995 1218 3039 omnes
1250 2978 1301 3039 est
1331 2994 1406 3058 pars
1437 2974 1537 3059 pretii

483 3099 557 3161 qum
588 3077 692 3161 primo
723 3067 828 3151 datur,
855 3097 915 3139 nec
944 3076 1107 3161 repetitur
1144 3098 1165 3140 a
1199 3075 1345 3140 debitore
1378 3097 1452 3140 oum
1486 3097 1536 3141 re-

370 3214 376 3227 .
483 3177 613 3240 siduum
636 3176 795 3257 solvitur;
826 3182 861 3241 et
888 3177 962 3241 ideo
987 3198 1047 3241 nec
1071 3182 1122 3241 est
1148 3177 1267 3263 pignus
1291 3177 1378 3261 quod
1408 3177 1539 3241 debitor

482 3278 603 3363 repetit
634 3300 735 3362 quum
769 3279 912 3362 pretium
944 3278 1051 3343 solvit.
1108 3277 1173 3343 Sed
1204 3278 1356 3343 arrabea
1386 3284 1437 3343 est
1467 3278 1537 3343 llc·

482 3378 614 3443 bracara.
662 3379 707 3442 Et
729 3379 881 3443 similiter
903 3381 939 3443 in
961 3380 1075 3444 Graeco
1098 3380 1261 3445 scribitur.
1309 3381 1355 3444 Et
1374 3378 1537 3445 Hebraeus

483 3479 654 3545 constituit
678 3479 724 3543 ibi
749 3479 876 3565 pignus,
901 3487 940 3544 ut
967 3480 1107 3566 quilibet
1131 3481 1246 3545 ridens
1276 3480 1429 3546 literatus
1453 3481 1536 3545 benc

483 3583 566 3661 scit3
599 3580 687 3666 quod
719 3586 753 3645 ct
785 3586 878 3666 patet
908 3604 965 3666 per
994 3588 1126 3647 textum
1158 3582 1298 3647 Genesis
1347 3581 1432 3662 Quia
1461 3605 1535 3648 cum

483 3684 506 3749 J
510 3684 589 3748 udas
617 3706 684 3748 non
714 3682 832 3746 habuit
862 3681 990 3746 haedum
1021 3689 1223 3769 praesentem,
1248 3683 1341 3747 dedit
1363 3684 1394 3748 ei
1416 3685 1537 3770 pignus

483 3792 518 3851 et
550 3786 736 3851 memoriale
766 3806 824 3870 pro
858 3784 960 3849 haedo.
1007 3784 1106 3850 Unde
1137 3808 1204 3850 non
1235 3785 1327 3850 dedit
1350 3785 1381 3849 ci
1407 3785 1538 3849 arram³

483 3889 620 3974 alicujus
649 3887 794 3974 pecuniae
825 3886 1056 3972 persolvendae,
1080 3888 1138 3951 sed
1161 3888 1254 3952 dedit
1280 3887 1367 3971 quod
1390 3894 1538 3973 repetere

484 3992 591 4056 voluit
617 3989 747 4075 quando
775 3987 917 4053 solverat
944 3989 1031 4073 quod
1055 3990 1213 4074 promisit.
1261 3989 1306 4053 Et
1330 3988 1420 4054 istud
1444 3995 1538 4075 patet

483 4116 540 4178 per
569 4093 676 4179 ipsum
705 4092 866 4157 Graccum.
921 4089 1008 4153 Nam
1036 4090 1093 4154 ubi
1125 4113 1185 4155 nos
1215 4090 1373 4155 habemus
1392 4091 1538 4177 piparas,

485 4194 618 4259 Grarcus
641 4193 742 4257 habet
765 4191 934 4271 coroddam
965 4191 1051 4257 undo
1075 4192 1168 4278 Epa,
1192 4193 1297 4277 primo
1320 4194 1472 4280 capitulo,
1497 4194 1538 4258 de

518 4539 597 4589 'dicit
614 4575 620 4589 .
639 4573 646 4587 .
664 4572 671 4587 .
692 4539 704 4604 ]
724 4539 758 4588 So
770 4539 796 4588 in
808 4539 863 4589 MS.
1067 4539 1182 4605 ²cirrata]
1202 4554 1290 4599 emm,
1309 4538 1365 4590 MS.

516 4621 526 4651 ²
536 4617 669 4684 arrabone]
688 4634 749 4669 aura
759 4621 831 4681 boae,
844 4619 899 4669 MS.
