3586 5640
717 782 804 831 orus
825 783 942 833 uiuus
1289 767 1355 832 345

304 956 458 1033 dictandi,
490 960 529 1020 ut
559 955 628 1041 ipse
659 953 750 1030 dicit,
775 954 885 1019 omisit
914 955 1113 1041 aliquotiens
1141 957 1182 1022 de
1213 956 1355 1021 veritate
1368 954 1480 1032 Variam

306 1058 477 1136 Hebralca,
494 1079 568 1143 quae
591 1057 735 1122 recolens
757 1060 791 1121 et
813 1078 981 1122 resumens
1003 1057 1039 1122 in
1054 1058 1195 1123 secunda
1210 1058 1354 1122 editione
1366 1022 1521 1152 ᾆῗέᾝῖ

304 1181 363 1224 sua
392 1159 534 1245 priorem
564 1159 699 1244 corrigit
729 1157 988 1223 translationem.
1036 1159 1135 1224 Unde
1166 1182 1240 1244 quae
1270 1159 1355 1223 male
1368 1164 1442 1205 ΝΜ·

304 1261 477 1325 transtulit
510 1261 547 1325 in
571 1257 689 1336 Esaia,¹
715 1281 882 1325 resumens
912 1260 949 1324 in
975 1262 1118 1326 secunda
1140 1260 1357 1326 translatione

303 1364 339 1427 in
362 1364 523 1450 originali,
547 1364 665 1449 quinto
688 1364 782 1443 libro,
806 1363 912 1428 dicit:
939 1372 957 1398 “
970 1363 1013 1428 In
1044 1386 1083 1428 eo
1106 1387 1235 1450 quoque
1270 1363 1358 1449 quod

305 1471 323 1500 ‘³
346 1465 576 1530 transtulimus
598 1464 844 1533 incurvante-m
871 1471 906 1530 et
929 1463 1170 1545 lascivientem,
1195 1515 1202 1531 .
1226 1517 1232 1531 .
1256 1516 1263 1530 .
1296 1486 1357 1530 nos

307 1574 325 1601 “
348 1572 460 1632 autem
480 1568 616 1632 verbum
634 1567 835 1632 Hebraicum
851 1567 1010 1652 Apmoa?
1027 1568 1107 1632 dum
1122 1568 1269 1633 celeriter
1283 1588 1358 1652 quas

306 1677 323 1701 “
347 1669 468 1755 scripta
490 1676 568 1734 sunt
582 1670 753 1749 vertimus,
770 1670 991 1756 ambiguitate
1018 1671 1145 1756 decepti
1167 1669 1354 1755 refrenarun-

307 1777 325 1804 “
348 1777 414 1835 tera
444 1770 615 1837 diximus.''
673 1770 720 1836 Et
750 1772 840 1835 aliud
880 1772 969 1856 quod
1000 1771 1036 1835 in
1066 1773 1180 1837 eodem
1215 1771 1358 1856 capitulo

305 1872 457 1938 similiter
486 1873 571 1938 male
608 1872 829 1946 transtulerat,
868 1872 1041 1937 revolvens
1081 1872 1195 1938 eodem
1241 1873 1358 1958 quinto

305 1973 415 2038 libro:
442 1981 460 2011 “
478 1973 597 2038 Melius
624 1995 698 2038 reor
728 1973 898 2058 proprium
937 1994 1078 2038 errorem
1112 1974 1357 2060 reprehendere,

307 2081 325 2109 “
348 2098 447 2161 quam
471 2075 552 2139 dum
582 2074 737 2139 erubesco
768 2074 969 2159 imperitiam
1000 2075 1157 2151 confiteri,
1181 2077 1217 2139 in
1251 2096 1358 2140 errore

307 2182 325 2212 “
348 2178 527 2261 persistere.
575 2174 618 2238 In
640 2197 679 2240 eo
702 2197 781 2240 vero
803 2175 891 2260 quod
908 2176 1079 2241 transtuli:
1100 2177 1175 2242 “Et
1191 2177 1255 2242 erit
1270 2182 1359 2242 terra

305 2286 322 2313 “
347 2277 438 2341 Juda
454 2278 603 2363 AEgypto
619 2277 656 2340 in
670 2277 898 2353 festivitatem,
908 2277 946 2341 in
957 2277 1101 2344 Hebraeo
1116 2279 1238 2364 legitur
1249 2281 1357 2364 quu,

307 2379 438 2463 “quod
475 2378 687 2463 interpretari
720 2383 831 2464 potest
862 2378 1042 2465 festivitas.
1089 2380 1189 2446 Unde
1222 2402 1357 2466 apparea

308 2489 326 2516 “
348 2482 385 2544 in
410 2479 579 2565 festivum
601 2480 753 2557 vertitur,
789 2486 824 2546 et
848 2479 961 2559 timor,
995 2481 1084 2567 qnod
1118 2482 1358 2569 significantius

308 2588 324 2618 “
350 2583 471 2667 Aquila
502 2581 674 2646 transtulit
706 2580 866 2668 pyracium,
899 2605 973 2648 cum
1004 2583 1123 2670 aliquis
1153 2585 1293 2671 pavidus
1323 2591 1358 2649 et

308 2684 485 2749 “timidus
516 2682 748 2761 circumfertur,
780 2690 815 2750 et
844 2685 1077 2751 advenientem
1108 2686 1264 2752 formidat
1294 2687 1357 2751 ini-

307 2793 326 2822 “
349 2786 497 2852 micum.''
543 2786 632 2872 Ergo
654 2786 683 2851 si
706 2786 906 2852 voluerimus
930 2787 966 2851 in
987 2788 1109 2852 bonam
1125 2794 1252 2873 partem
1277 2789 1358 2853 acci-

307 2897 323 2925 “
347 2912 432 2976 poro,
456 2887 545 2974 quod
568 2888 749 2954 recordatio
772 2888 871 2954 Judm
892 2889 1039 2974 AEgypto
1063 2889 1108 2951 sit
1129 2889 1251 2972 gaudii,
1271 2894 1358 2954 recte

307 2999 323 3026 “
339 2990 512 3076 festivitas
543 2990 671 3054 dicitur.
719 2988 780 3052 Sin
809 2995 930 3064 autem,
953 2994 994 3052 ut
1023 2989 1174 3066 arbitror,
1198 2989 1233 3052 in
1260 2988 1358 3054 timo-

308 3101 326 3130 “
348 3115 421 3159 rom
443 3116 502 3178 pro
517 3090 704 3176 festivitate
726 3090 878 3166 vertitur,
902 3088 1126 3174 intelligamus
1149 3089 1357 3155 formidinem
1425 3162 1428 3166 ,

308 3203 325 3232 “
349 3197 402 3260 vel
436 3190 618 3279 pavorem.''
667 3190 751 3256 Cum
782 3191 886 3276 igitur
915 3191 950 3255 in
984 3190 1102 3255 Bibliis
1138 3192 1259 3257 nostris
1289 3214 1357 3258 om-

308 3298 405 3361 nibus
438 3295 592 3380 antiquis,
626 3298 661 3358 ct
699 3313 773 3377 quae
810 3292 944 3358 suerunt
982 3297 1129 3379 tempore
1163 3295 1291 3377 Isidori,
1323 3302 1357 3362 et

307 3398 407 3462 otiam
444 3418 517 3480 quae
556 3394 664 3459 adlmc
701 3398 829 3459 restant
872 3393 995 3480 ubique
1031 3396 1211 3483 regionum,
1250 3403 1284 3464 et
1320 3399 1357 3463 in

308 3496 540 3584 posterioribus
578 3496 695 3560 Bibliis
732 3495 776 3560 ad
809 3495 878 3560 ulla
915 3497 1113 3583 exemplaria
1153 3501 1358 3587 transcriptis

307 3597 494 3663 invenimus
515 3597 551 3660 in
574 3595 673 3660 Esaia
702 3596 943 3682 resraenaatem
968 3602 1003 3663 et
1025 3598 1255 3684 festivitatem,
1283 3624 1357 3686 qum

307 3699 467 3765 vocabula
488 3720 521 3762 se
544 3697 751 3762 transtulisse
767 3698 991 3786 Hieronymus
1013 3706 1183 3780 memorat,
1199 3706 1234 3766 et
1248 3708 1358 3767 mutat

307 3803 344 3867 in
378 3799 539 3887 originali,
563 3803 657 3885 patet
689 3800 777 3884 quod
809 3822 902 3865 suam
934 3801 1077 3866 correxit
1108 3802 1357 3868 translationem

307 3926 406 3990 (lnam
428 3908 588 3978 tenemus,
612 3906 646 3966 et
668 3922 736 3965 non
759 3900 907 3966 alienam.
954 3901 1116 3967 Similiter
1139 3905 1227 3988 quod
1250 3909 1357 3969 trans·

308 4007 388 4073 tulit
404 4005 495 4070 Ezec.
508 4004 576 4069 xlii.
591 4003 669 4090 [2.]:
696 4009 713 4038 ‘¹
726 4003 981 4090 Longitudinem
998 4005 1251 4090 quingentorum
1267 4007 1358 4072 cubi·

307 4116 326 4144 “
349 4104 489 4186 torum,”
512 4112 643 4172 revocat
675 4104 763 4191 quod
795 4105 877 4171 dicit
907 4105 1100 4172 cubitorum
1109 4130 1123 4186 ;
1154 4107 1241 4173 unde
1265 4109 1356 4187 dicit,

307 4211 343 4274 in
381 4208 531 4296 originali
571 4208 668 4294 [non]
706 4208 750 4274 sit
782 4207 873 4272 istud
911 4209 999 4293 quod
1033 4213 1147 4276 nostra
1184 4211 1357 4278 translatio

308 4313 416 4393 habet,
439 4312 517 4377 dum
540 4310 706 4377 celeritate
728 4310 874 4377 dictandi
897 4311 1006 4376 minus
1033 4318 1129 4379 caute
1154 4316 1355 4402 prospexeri-

833 4632 838 4698 Ι
894 4633 1020 4701 ¹·'1lymou]
1034 4636 1155 4698 accidens,
1166 4639 1221 4692 MS.
