3586 5640
306 789 423 879 xum]
694 805 782 857 oros
804 801 963 856 TERTIUM.
1296 790 1359 856 155

305 978 511 1056 Aristotelea,
548 979 653 1065 primo
686 979 771 1044 Caeli
806 983 840 1043 et
882 978 1000 1043 Mundi
1016 979 1045 1058 3¹
1079 978 1135 1042 eod
1168 1000 1234 1040 nou
1267 976 1363 1040 affert

304 1079 353 1144 ibi
384 1081 556 1162 rationem,
592 1081 649 1146 sed
682 1081 757 1146 duaa
789 1080 934 1146 rationes
964 1081 1091 1145 ultimae
1122 1079 1265 1166 probant
1303 1078 1363 1141 hoe

304 1187 375 1248 tam
405 1181 493 1247 infra
523 1183 642 1248 coelum
675 1204 774 1269 quam
806 1188 923 1262 extra3
961 1187 995 1248 et
1025 1182 1127 1248 tortio
1150 1181 1363 1265 Physieorum

304 1285 400 1372 ponit
438 1285 755 1353 demonstrationem
800 1285 844 1351 ad
889 1286 970 1352 hoc:
1003 1307 1144 1351 vacuum
1193 1289 1244 1349 est
1274 1284 1363 1348 loeus

305 1388 456 1474 privatus
478 1410 621 1476 corpore,
637 1393 736 1454 natus
757 1394 870 1454 tamen
894 1395 928 1454 et
951 1393 1049 1474 aptus
1071 1387 1215 1474 recipere
1237 1407 1362 1472 corpus,

306 1496 347 1556 ut
369 1492 549 1572 dixerunt;
573 1497 607 1558 et
631 1512 773 1558 vacuum
797 1498 895 1557 extra
910 1492 1026 1557 coelum
1048 1493 1134 1556 esset
1156 1495 1361 1578 perpetuum,

305 1600 340 1659 et
370 1595 405 1658 in
427 1596 594 1682 perpetuis
616 1617 685 1660 non
707 1594 820 1660 differt
842 1616 910 1660 esse
933 1616 954 1659 a
975 1616 1091 1681 posse3
1122 1593 1157 1659 id
1188 1599 1246 1671 eet,
1270 1596 1363 1657 actus

306 1720 327 1761 a
357 1698 526 1783 polentia;
572 1721 649 1784 ergo
683 1699 710 1762 si
743 1719 882 1762 vacuum
915 1696 963 1761 ibi
1001 1703 1096 1777 esset,
1135 1695 1271 1761 haberet
1304 1694 1363 1760 nli·

307 1799 395 1885 quod
429 1822 545 1886 corpus
579 1801 616 1863 in
648 1805 746 1879 aetu3
780 1800 838 1864 sed
882 1821 949 1863 non
996 1805 1105 1886 potest
1149 1821 1264 1885 comus
1295 1818 1363 1862 csse

307 1907 404 1966 extra
441 1902 612 1982 mundum,
651 1907 692 1967 ut
728 1902 864 1988 planum
903 1906 963 1981 eet,
1002 1907 1037 1967 et
1075 1901 1270 1966 Aristoteles
1308 1900 1363 1964 de·

308 2008 472 2070 monstrat
512 2005 619 2092 primo
658 2003 744 2071 Ooeli
789 2010 824 2069 et
872 2004 999 2068 Mundi
1055 2003 1121 2068 Sed
1155 2003 1254 2089 hujus
1288 2024 1362 2067 con·
1376 2014 1507 2079 obJeetion

306 2108 446 2172 tranium
478 2107 620 2186 videtur,
647 2112 682 2172 et
716 2106 933 2172 fortissimum
965 2110 1202 2193 argumentum
1225 2105 1268 2169 ad
1303 2104 1363 2168 hoc
1375 2084 1509 2213 ffissffiffid

308 2213 360 2274 est
396 2209 484 2294 quod
521 2209 716 2275 Aristoteles
752 2208 884 2274 inducit
930 2215 1044 2275 contra
1081 2230 1123 2284 ee,
1164 2207 1286 2271 scilicet
1322 2205 1364 2270 de
1373 2216 1441 2268 totle

307 2311 511 2377 nutrimento
545 2319 579 2377 et
608 2316 794 2399 augmento.
857 2311 945 2376 Nam
984 2333 1058 2376 cum
1090 2310 1285 2375 alimentum
1319 2307 1364 2374 sit

307 2434 433 2500 corpus,
468 2419 502 2479 et
534 2436 650 2501 comus
680 2436 748 2479 nou
779 2418 889 2500 potest
926 2435 995 2479 esse
1027 2434 1102 2478 cum
1136 2413 1200 2477 ulio
1232 2432 1364 2498 corpore

307 2517 344 2581 in
377 2517 493 2582 eodem
527 2518 606 2597 loco,
641 2522 722 2582 tunc
760 2522 890 2603 oportet
920 2517 998 2603 poni
1036 2538 1132 2603 poros
1168 2537 1290 2580 vacuos
1327 2513 1365 2580 in

308 2642 391 2706 quos
422 2620 617 2685 alimentum
651 2619 765 2699 intret,
799 2625 833 2684 et
867 2619 1058 2705 coaguletur
1092 2619 1126 2682 in
1167 2641 1297 2684 carnem
1330 2623 1365 2682 et

308 2744 380 2786 ossa
406 2743 465 2808 per
498 2723 637 2788 calorem
666 2722 864 2802 naturalem,
896 2727 931 2786 et
956 2743 1024 2788 non
1054 2721 1259 2809 ingrediatur
1289 2721 1363 2786 aoli-

309 2824 389 2889 dum
412 2846 448 2889 os
469 2824 524 2890 vel
555 2846 694 2891 carnem.

354 2927 501 3007 Iterum,
514 2928 692 3013 impleatur
714 2948 774 2992 vas
796 2927 929 3014 plenum
945 2945 1039 3012 aqua,
1063 2935 1097 2991 et
1119 2925 1256 2991 habeat⁹
1279 2927 1363 2992 sora-
1377 2941 1522 3010 Provedby

309 3030 400 3095 mina
421 3029 458 3093 in
481 3029 610 3096 inferno
633 3035 668 3096 et
698 3029 860 3096 orificium
891 3031 927 3094 in
957 3050 1117 3116 supremo.
1165 3030 1365 3094 Obstruatur
1377 3010 1475 3127 ξζὲξζί·

309 3154 387 3221 ergo
409 3133 593 3213 orificium3
632 3137 691 3198 aut
720 3133 825 3220 igitur
851 3155 937 3219 aqua
968 3132 1144 3198 descendet
1166 3131 1301 3197 inferius
1331 3136 1365 3197 et

310 3241 391 3302 tuno
413 3237 478 3301 erit
500 3257 651 3316 vacuum,
676 3258 749 3302 oum
775 3243 832 3301 aer
846 3258 867 3300 a
881 3236 1041 3323 superiori
1056 3236 1181 3301 intrare
1205 3258 1272 3301 non
1293 3257 1365 3322 pos·

309 3339 362 3419 sit,
389 3343 448 3404 aut
472 3361 559 3425 aqua
573 3360 648 3404 oum
679 3338 724 3403 sit
753 3340 864 3425 gravis
895 3339 1041 3424 quiescet
1066 3340 1223 3425 superine,
1251 3345 1364 3404 contra

310 3446 465 3506 naturam
492 3446 527 3506 et
552 3440 723 3518 violenter,
755 3463 822 3506 non
853 3440 1035 3528 impedita⁸
1080 3440 1146 3506 Sed
1168 3440 1364 3506 Aristoteles

311 3543 392 3608 dicit
410 3543 499 3629 quod
513 3565 610 3608 omne
625 3564 741 3630 corpus
756 3541 860 3608 fertur
875 3543 1071 3608 naturaliter
1085 3543 1121 3606 in
1137 3565 1232 3608 suum
1247 3544 1363 3624 locum,

310 3668 378 3710 non
398 3645 622 3732 prohibitum.⁴
668 3646 704 3711 Si
721 3645 850 3710 dicatur
864 3667 932 3711 non
947 3643 1123 3710 descendet
1141 3667 1228 3731 aqua
1243 3667 1284 3708 ne
1305 3646 1366 3709 fiat

310 3769 472 3813 vacuum:
512 3749 571 3812 aed
594 3746 686 3812 istud
711 3769 778 3812 non
794 3748 893 3812 debet
917 3747 981 3811 dici
993 3771 1001 3827 ;
1024 3767 1101 3810 nam
1127 3768 1209 3832 pura
1234 3746 1366 3830 negatio

311 3870 379 3915 non
403 3855 453 3915 est
483 3871 580 3916 causa
604 3849 852 3930 affirmationis3
890 3851 951 3915 hoc
981 3854 1091 3914 autem
1119 3849 1207 3933 quod
1237 3848 1365 3927 dieitur,

310 3975 353 4020 ne
375 3953 437 4018 fiat
459 3974 608 4034 vacuum,
630 3962 680 4019 est
702 3975 785 4040 pura
807 3953 949 4039 negatio.
980 3951 1069 4037 Ergo
1091 3972 1159 4016 non
1185 3951 1248 4016 erit
1271 3973 1367 4016 cerusa

311 4076 413 4143 quare
435 4078 522 4141 aqua
544 4056 690 4142 quiescat
713 4078 851 4121 sursum.
1287 4051 1290 4058 ’

357 4158 494 4237 Iterum,
510 4159 605 4244 argui
627 4163 738 4245 potest
761 4180 820 4245 per
839 4157 999 4245 quaedam,
1015 4176 1088 4243 quie
1108 4153 1273 4223 adducta⁶
1288 4161 1367 4223 sunt

311 4263 348 4327 in
379 4262 498 4348 Majori
530 4262 637 4348 Opere
668 4284 727 4347 pro
758 4262 910 4347 opinione
934 4260 1138 4325 Parmenidis
1169 4267 1203 4326 et
1233 4260 1367 4341 Melissi,

346 4539 355 4572 ¹
370 4538 430 4590 Cala·
441 4548 465 4591 at
476 4539 582 4607 Mundi]
602 4557 655 4607 cap.
669 4542 703 4592 ix.
901 4543 907 4570 ⁴
917 4542 1076 4608 prohibitum]
1096 4543 1175 4611 Phys.
1186 4542 1239 4594 viia
1251 4547 1274 4594 4.

347 4619 469 4686 ²hobeat]
489 4637 538 4671 om.
557 4622 587 4671 T.
901 4621 1040 4687 ὃιιιὶάιιεὶα]
1060 4623 1152 4685 addita,
1171 4622 1200 4673 L.

347 4699 496 4766 'impedito]
516 4701 656 4765 impeditur,
674 4700 703 4750 T.
