3586 5640
463 741 507 817 74
832 756 960 810 nouum
982 755 1129 812 saconrs
1420 753 1508 844 [eug

293 955 450 1144 gizith
506 933 552 1002 nt
576 932 760 1116 lriotorpulta
776 936 1143 1104 pootptrpunffltotanhda
1181 937 1276 1108 ,liam
1299 939 1349 1010 ibi
1375 943 1512 1113 dooaltur

550 1058 628 1106 sano
733 1056 775 1103 uo
996 1058 1052 1105 oso
1112 1063 1133 1106 a
1163 1061 1180 1106 e
1242 1064 1424 1113 naoossana
1458 1069 1476 1114 e

291 1092 428 1209 milsu-
397 1057 602 1218 ωέἒιινίιιιει,1
595 1136 662 1207 ¹ot
680 1058 803 1231 qiiod
792 1138 828 1204 in
851 1158 890 1204 aa
912 1058 1091 1208 iivanitrii
1139 1143 1185 1209 Et
1206 1150 1258 1213 est
1277 1148 1414 1233 pulchra
1435 1070 1511 1218 οοξ1

288 1223 413 1343 ffl‘ff
461 1242 616 1310 sideratio
645 1241 836 1329 Augustini,
860 1240 1069 1328 Hieronymi,
1094 1249 1129 1312 at
1151 1245 1252 1314 Bedaa
1274 1247 1316 1316 da
1345 1251 1407 1318 haa
1438 1275 1508 1319 ma-

459 1344 551 1411 taria.
612 1342 741 1412 Deinde
771 1342 980 1413 ostenditur²
1009 1344 1071 1413 hoo
1107 1347 1204 1428 idam,
1233 1350 1313 1437 quia
1346 1353 1508 1441 sapientia

456 1445 669 1535 philosophias
702 1451 753 1513 ast
783 1449 856 1512 tota
887 1445 1036 1513 revalata
1067 1442 1194 1517 a‘Deo
1229 1457 1263 1518 at
1293 1455 1373 1520 data
1401 1457 1507 1543 philo-

454 1549 573 1637 sophis,
597 1552 632 1616 ot
664 1547 740 1634 Ipse
765 1547 909 1664 estqui
930 1547 1099 1624 illuminat
1122 1553 1249 1619 animas
1272 1554 1445 1636 hominum
1466 1556 1504 1625 in

444 1653 544 1720 omni
569 1649 753 1738 sapientia;
777 1653 812 1717 at
835 1650 914 1736 quia
939 1649 1031 1728 illud,
1065 1655 1154 1738 quod
1185 1655 1355 1725 illuminat
1376 1666 1505 1728 mantas

440 1758 589 1840 nostras,
624 1757 762 1821 vocatur
802 1773 892 1822 nuno
924 1773 946 1819 a
979 1753 1145 1842 theologis
1168 1757 1356 1826 intellectus
1389 1784 1500 1849 agana,

287 1881 441 1935 ammador
453 1857 543 1946 quod
579 1860 630 1924 ast
662 1854 802 1923 verbum
839 1854 1072 1942 philosophi
1061 1877 1099 1921 1n
1132 1857 1233 1923 tertio
1262 1857 1315 1924 Da
1353 1860 1502 1942 Anima,³

287 1954 417 2069 m
451 1961 510 2028 ubi
532 1958 708 2047 distinguit
730 1956 825 2045 quod
842 1956 908 2026 duo
931 1961 1011 2023 sunt
1033 1956 1228 2038 intellectus,
1252 1959 1375 2029 scilieet
1396 1983 1500 2048 aperta

285 2083 421 2151 mans
450 2069 487 2130 at
503 2060 696 2151 mnemia
742 2059 823 2128 Idao
848 2061 983 2146 propter
1010 2059 1216 2146 propositum
1248 2083 1360 2130 meum
1390 2087 1501 2134 oonsa·

280 2147 410 2218 mm
449 2166 625 2254 quandum,
647 2161 772 2231 scilioat
804 2161 892 2247 quod
924 2183 946 2227 a
967 2159 1041 2228 Dao
1062 2166 1114 2228 ost
1138 2166 1211 2230 tota
1232 2164 1500 2254 philosophorum

449 2268 636 2344 illustratio,
659 2265 795 2332 ostendo
817 2261 906 2351 quod
927 2262 982 2331 hia
1003 2263 1192 2333 intellectus
1213 2287 1316 2353 agens
1337 2274 1388 2336 est
1410 2269 1501 2338 Deus

448 2369 682 2457 principalitar,
704 2370 740 2433 at
759 2363 953 2434 secundario
976 2364 1106 2455 Angeli,
1134 2367 1193 2454 qui
1215 2368 1408 2438 illuminant
1428 2394 1498 2441 noa

436 2471 539 2537 Nam
559 2470 651 2537 Dans
671 2472 822 2555 respectu
843 2466 963 2534 animoa
988 2473 1040 2534 ast
1062 2468 1148 2534 siout
1170 2469 1220 2536 sol
1242 2478 1392 2559 respectu
1413 2476 1499 2542 oculi

445 2573 627 2659 corporalis,
643 2576 678 2637 at
699 2569 821 2657 Angeli
838 2569 923 2635 siout
941 2568 1053 2635 stallae.
1092 2569 1138 2636 Et
1152 2593 1221 2637 non
1237 2574 1344 2639 solum
1362 2579 1498 2643 ostendo

443 2675 536 2742 istud
558 2678 693 2762 propter
714 2693 822 2737 meam
848 2671 1068 2737 intentionem
1094 2671 1157 2750 hic,
1180 2673 1239 2738 sad
1264 2681 1399 2762 propter
1421 2700 1497 2744 eva.

443 2779 629 2845 ouationem
646 2777 744 2843 unius
767 2771 905 2838 maximi
923 2774 1051 2854 enoris,
1072 2773 1130 2859 qui
1152 2774 1197 2839 sit
1218 2775 1255 2839 in
1274 2777 1441 2864 theologia
1463 2785 1498 2846 et

442 2881 657 2970 philosophia
703 2878 792 2944 Nam
815 2897 928 2941 omnes
960 2875 1110 2941 moderni
1136 2875 1251 2942 dieunt
1281 2879 1370 2963 quod
1397 2880 1495 2946 intel-

442 2987 547 3053 lectus
579 3003 679 3072 agens
705 2977 741 3045 in
768 2976 895 3043 animas
925 2981 1064 3058 nostras,
1089 2981 1123 3042 et
1144 2976 1337 3045 illuminans
1358 3001 1422 3062 aas,
1446 2990 1497 3050 ost

300 3152 304 3157 ,
441 3110 518 3177 pars
540 3088 669 3166 animae,
684 3083 734 3148 ita
756 3081 845 3169 quod
866 3079 903 3143 in
925 3079 1037 3144 anima
1060 3083 1139 3144 sunt
1161 3079 1236 3146 duaa
1258 3090 1377 3166 partes,
1393 3106 1495 3171 agona

439 3191 563 3256 soilioet
585 3194 619 3254 et
640 3182 823 3274 possibilis3
846 3186 880 3247 et
902 3181 1087 3246 intellectus
1108 3181 1271 3266 possibilis
1285 3190 1422 3252 vocatur
1436 3189 1494 3274 qui

439 3295 491 3358 ast
512 3292 549 3357 in
569 3287 723 3378 potantia
745 3284 788 3351 ad
810 3284 991 3362 seientiam,
1016 3287 1051 3348 at
1072 3302 1141 3347 non
1163 3281 1265 3350 habat
1286 3307 1360 3352 eam
1375 3288 1417 3354 da
1439 3311 1494 3371 as;

437 3391 496 3459 sad
526 3391 660 3478 quando
691 3389 808 3477 recipit
835 3385 964 3474 species
985 3406 1102 3463 rarum,
1127 3389 1161 3450 et
1194 3408 1295 3474 agens
1324 3389 1437 3457 influit
1458 3399 1493 3458 et

437 3495 605 3561 illuminat
637 3492 754 3580 ipsum,
787 3494 868 3555 tuna
897 3486 1044 3552 nascitur
1066 3488 1203 3554 scientia
1224 3490 1261 3554 in
1282 3512 1341 3572 003
1375 3499 1410 3559 et
1432 3495 1493 3561 hoo

437 3602 488 3663 ast
508 3618 633 3663 varum.
672 3594 739 3660 Sed
753 3592 873 3657 falsum
895 3593 946 3656 ast
968 3590 1057 3675 qnod
1079 3610 1180 3677 agens
1202 3592 1246 3657 sit
1268 3615 1344 3679 pars
1365 3595 1492 3664 animae.

344 3746 350 3755 ·
436 3699 526 3766 Nam
549 3699 611 3763 hoo
633 3701 683 3762 ast
705 3694 838 3783 penitus
859 3691 1069 3778 impossibile,
1093 3692 1177 3758 siout
1199 3693 1247 3758 ibi
1270 3699 1407 3763 ostendo
1434 3722 1493 3785 par

435 3799 649 3866 auctoritates
669 3797 864 3863 strutiones
881 3792 1087 3859 sufficientes
1135 3795 1181 3860 Et
1198 3817 1311 3863 omnes
1328 3800 1492 3886 sapientes

422 3901 573 3986 antiqui,
608 3905 643 3967 et
669 3899 728 3985 qui
762 3897 867 3962 adhuc
899 3900 1129 3963 remanserunt
1150 3918 1254 3983 usqua
1275 3900 1320 3964 ad
1341 3905 1490 3987 tempora

433 4008 556 4084 nostra,
574 4002 732 4068 dixerunt
754 3999 843 4086 quod
864 3996 929 4062 fuit
952 3996 1052 4063 Deus
1095 3997 1195 4064 Unda
1217 4020 1278 4088 ago
1300 3999 1353 4066 bis
1374 4003 1489 4068 audivi

433 4104 655 4171 venerabilem
688 4100 873 4168 antistitem
909 4098 1103 4165 Parisiensis
1133 4100 1282 4179 ooalesiae,
1317 4102 1488 4170 dominum

433 4207 660 4274 Guillielmum
674 4205 920 4280 Alvernansam‚
937 4205 1134 4289 congregata
1147 4202 1365 4271 universitate
1378 4228 1487 4273 eoram

431 4331 480 4388 ao,
503 4310 679 4397 reprobare
709 4329 772 4388 eos,
800 4311 836 4372 'et
868 4304 1038 4395 disputare
1070 4325 1144 4370 cum
1177 4305 1223 4386 eis
1232 4329 1244 4388 3
1267 4310 1302 4388 at
1317 4386 1318 4390 Ἰ
1330 4309 1487 4395 probavit

451 4631 585 4722 ¹¹·da'ot'noe]
603 4631 662 4688 Dei.
678 4631 731 4697 B·i
755 4635 884 4688 eorrooad
905 4642 932 4687 to
1014 4638 1182 4705 'minuatim
1199 4619 1270 4705 Opus
1286 4642 1377 4711 Mfljm,
1388 4663 1413 4714 p,
1426 4653 1466 4701 26,

429 4710 525 4766 dm.
1013 4715 1193 4786 'DedalnaJ
1211 4720 1315 4784 ina-a,
1385 4779 1388 4783 ,
1448 4780 1453 4789 Α
