3586 5640
308 774 345 864 1.]
724 782 905 836 arrasum
927 784 949 836 1.
1299 765 1361 830 525

306 984 409 1053 genus
439 961 524 1050 regit
554 966 588 1026 et
627 959 797 1047 gubernat.
868 956 913 1020 Et
950 955 1025 1020 ideo
1061 953 1135 1019 istae
1174 951 1239 1018 viae
1285 955 1364 1017 sunt

305 1071 426 1154 praeter
447 1063 618 1150 sapientise
647 1060 851 1136 documenta,
876 1060 977 1124 immo
1000 1053 1132 1142 potius¹
1165 1055 1201 1119 in
1232 1059 1362 1119 contra-

304 1169 393 1234 rium
430 1170 616 1254 operantur,
647 1185 707 1229 nec
737 1183 884 1248 unquam
915 1180 992 1226 vere
1022 1156 1289 1245 philosophantes
1320 1155 1360 1221 de

307 1271 358 1335 his
387 1291 446 1335 sex
478 1268 583 1333 modis
614 1272 823 1332 curaverunt.

765 1551 843 1620 Car.
869 1551 915 1618 II.

377 1714 427 1782 Da
465 1711 723 1791 cloarccteribva,
751 1708 977 1792 caracteribus,
1009 1716 1039 1776 ct
1069 1731 1188 1777 coram
1220 1729 1298 1775 aaa.

355 1872 450 1953 Qun)
495 1893 572 1938 vero
618 1870 659 1937 de
704 1868 914 1949 carminibus,
954 1873 989 1934 et
1034 1867 1289 1946 characteribus,
1329 1871 1364 1932 et
1381 1883 1487 1936 chama

309 1973 499 2062 hujusmodi
529 1973 624 2039 aliis²
656 1973 701 2038 sit
738 1971 925 2048 tenendum,
965 1971 1132 2036 considero
1178 1991 1237 2057 per
1278 1969 1366 2035 hunc
1379 1951 1538 2068 ζζξῃξζθυυ

308 2078 453 2143 modum.
515 2076 604 2141 Nam
645 2074 861 2163 proculdubio
893 2074 1005 2139 omnia
1045 2072 1236 2160 hujusmodi
1276 2093 1364 2138 nunc
1379 2082 1514 2162 unworthy

310 2178 469 2265 temporis
492 2183 572 2243 sunt
598 2176 689 2255 falsa,
705 2182 741 2242 et
767 2176 888 2242 dubia:
917 2197 995 2241 nam
1018 2175 1168 2262 quaedam
1192 2180 1272 2242 sunt
1299 2196 1367 2239 our·
1380 2151 1538 2204 “mm“

309 2282 388 2346 nino
428 2279 671 2346 irrationabilia
708 2300 781 2365 quae
823 2278 1010 2366 philosophi
1046 2278 1289 2344 adinvenerunt
1332 2278 1369 2342 in

312 2382 466 2470 operibus
496 2388 626 2448 naturae
657 2386 691 2446 et
729 2381 819 2458 artis,
858 2386 898 2447 ut
936 2385 1061 2447 secreta
1091 2380 1295 2446 occultarent
1326 2379 1368 2446 ab

310 2485 464 2573 indignis.
515 2484 609 2552 Sicut
632 2483 661 2548 si
684 2483 819 2548 omnino
843 2487 928 2548 esset
951 2483 1103 2571 ignotum
1119 2482 1208 2570 quod
1234 2503 1368 2570 magnes

309 2587 457 2653 traheret
487 2587 620 2666 ferrum,
652 2591 686 2651 et
716 2584 836 2671 aliquis
866 2584 982 2650 volens
1011 2585 1072 2651 hoc
1103 2607 1185 2673 opus
1215 2585 1368 2672 perficere

311 2712 420 2756 coram
449 2689 578 2777 populo,
621 2687 743 2754 faceret
774 2687 977 2754 characteres
1007 2694 1042 2754 et
1072 2689 1221 2754 carmina
1246 2686 1370 2773 proser-

311 2797 371 2871 ret,
396 2813 438 2858 nc
462 2792 683 2878 perciperetur
705 2790 795 2876 quod
819 2794 929 2855 totum
955 2811 1036 2876 opus
1058 2791 1269 2858 attractionis
1286 2795 1370 2856 esset

178 2953 185 2966 ,
312 2893 486 2960 naturale.³
541 2893 616 2960 Hoc
646 2898 756 2958 totum
787 2912 868 2978 opus
898 2897 983 2957 esset
1013 2892 1136 2957 erron⁴
1182 2892 1237 2959 Sic
1267 2895 1371 2980 igitur

313 3019 413 3083 qnam
451 2995 593 3082 plun'ma
640 2994 676 3058 in
707 2992 817 3058 verbis
855 2992 1121 3079 philosophorum
1164 2995 1371 3061 occultantur

314 3098 428 3163 multis
468 3096 584 3175 modis,
613 3096 650 3160 in
681 3094 801 3180 quibus
833 3094 963 3180 sapiens
995 3093 1094 3160 debet
1120 3095 1205 3161 hanc
1252 3096 1371 3163 habere

312 3199 531 3288 prudentiam,
575 3205 614 3262 ut
648 3197 794 3261 carmina
831 3202 867 3261 et
897 3196 1100 3262 characteres
1142 3199 1300 3286 negligat,
1338 3205 1373 3266 et

313 3324 395 3388 opus
418 3306 547 3366 naturae
579 3305 614 3365 et
656 3299 738 3363 artis
769 3298 906 3384 probet3
939 3303 974 3364 et
997 3299 1043 3364 sic
1066 3309 1135 3366 tam
1165 3322 1217 3367 res
1247 3303 1371 3368 anima·

313 3410 365 3471 tas
396 3425 495 3489 quam
531 3402 730 3467 inanimatas
769 3399 905 3467 videbat
940 3401 1126 3469 adinvicem
1169 3425 1369 3484 concurrere,

314 3510 448 3593 propter
493 3509 622 3570 naturae
665 3503 939 3586 conformitatem,
987 3525 1056 3569 non
1093 3513 1228 3593 propter
1265 3508 1373 3573 virtu·

315 3614 384 3674 tem
416 3606 639 3673 characterum
663 3606 717 3671 vel
748 3605 912 3674 carminis.
959 3606 1005 3672 Et
1034 3607 1081 3673 sic
1111 3608 1219 3673 multa
1249 3615 1373 3675 secreta

318 3715 447 3774 naturae
488 3715 523 3773 et
564 3708 645 3773 artis
684 3708 894 3773 aestimantur
934 3707 976 3773 ab
1021 3708 1163 3775 indoctis
1217 3712 1372 3798 magica3

314 3816 349 3877 et
375 3810 494 3896 magici
517 3809 688 3876 confidunt
714 3809 815 3875 stulte
839 3808 1079 3877 characteribus
1105 3817 1140 3879 et
1163 3813 1371 3893 carminibus,

316 3910 429 4001 quod⁶
469 3913 516 3978 eis
554 3913 724 3999 praebeant
762 3912 947 3994 virtutem;
992 3918 1027 3978 et
1063 3936 1121 4000 per
1165 3915 1373 3982 secutiones⁰

316 4037 429 4082 eorum
470 4015 665 4102 relinquunt
719 4035 801 4102 opus
847 4020 975 4080 naturae
1020 4016 1075 4080 vel
1112 4018 1194 4082 artis
1236 4024 1372 4105 propter

316 4139 459 4186 errorem
489 4116 674 4184 carminum
708 4123 743 4184 et
769 4116 1002 4184 characterum.
1050 4117 1095 4184 Et
1119 4119 1166 4185 sic
1195 4125 1373 4208 utrumque

351 4421 439 4470 ‘immo
454 4418 550 4486 potiar]
567 4417 624 4470 ideo
647 4417 745 4480 melius,
765 4416 822 4469 MS.
909 4417 986 4469 ‘Hoc
1003 4455 1009 4469 .
1028 4457 1035 4470 .
1053 4456 1060 4470 .
1077 4420 1157 4488 error]
1176 4437 1225 4474 om.
1243 4419 1278 4472 Η.

351 4501 360 4531 ²
375 4498 445 4566 aliia]
465 4514 513 4550 cm.
532 4498 561 4551 O.
906 4497 1004 4565 Ἰνώ]
1024 4514 1090 4562 cnm,
1100 4498 1155 4552 MS

351 4573 572 4645 'commeretur
592 4615 598 4628 .
616 4615 623 4630 .
641 4614 648 4628 .
667 4615 674 4629 .
691 4574 816 4641 caturcis]
910 4579 920 4608 ¹
927 4594 975 4644 per
995 4579 1141 4646 xcutiam]
1165 4595 1211 4645 pro
1233 4581 1381 4634 mecenti-

317 4665 346 4710 ut
364 4656 524 4722 perficeretur
540 4657 697 4709 attractionis
719 4655 767 4718 vit,
784 4655 814 4710 0.
877 4672 932 4721 one,
944 4655 1018 4710 011.
