3586 5640
353 857 368 880 ,
462 791 527 856 368
841 803 969 852 nouam
992 802 1138 853 mcoms

461 978 668 1064 ignorabitur
690 977 847 1062 quioquid
870 983 920 1042 est
951 977 1013 1041 sub
1036 977 1128 1042 coelo.
1176 977 1258 1042 Dico
1290 976 1395 1063 igitur
1425 976 1515 1063 quod

461 1081 489 1144 si
511 1079 674 1145 elementa
697 1079 943 1145 considerentur
965 1080 1144 1144 secundum
1166 1079 1349 1164 subjectam
1371 1084 1516 1144 suamet

461 1182 694 1266 quantitatem,
717 1187 752 1245 et
775 1181 913 1267 pondus,
937 1186 971 1246 et
1002 1182 1182 1246 secundum
1215 1185 1371 1245 naturam
1404 1181 1515 1267 gravis

460 1289 495 1348 et
517 1283 608 1362 levis,
631 1305 705 1368 quse
728 1283 839 1348 omnia
872 1283 926 1348 hic
959 1304 1018 1370 pro
1041 1283 1156 1348 eodem
1188 1283 1402 1370 accipiuntur,
1431 1288 1514 1347 tunc

460 1385 660 1472 impossibile
682 1391 733 1450 est
756 1385 845 1470 quod
866 1386 927 1450 fiat
947 1386 1139 1471 aequalitas;
1170 1408 1249 1449 nam
1272 1389 1403 1472 oportet
1422 1385 1511 1470 quod

460 1489 496 1551 in
533 1488 686 1552 omnibus
724 1488 912 1553 dominetur
949 1509 1053 1552 unum
1097 1487 1305 1567 elementum,
1332 1486 1511 1552 secundum

460 1589 520 1654 has
542 1591 624 1654 duas
646 1589 737 1670 vias3
761 1590 838 1676 quia
861 1589 1056 1654 Aristoteles
1079 1589 1115 1652 in
1137 1589 1254 1675 quinto
1271 1587 1514 1675 Metaphysioo·

460 1713 534 1757 rum
550 1693 640 1771 dicit,
656 1692 744 1778 quod
759 1692 976 1778 compositum
992 1696 1043 1756 est
1065 1712 1107 1755 ex
1130 1713 1197 1756 uno
1219 1691 1380 1756 elemento
1396 1690 1511 1775 majus,

460 1798 495 1857 et
524 1816 566 1857 ex
589 1794 654 1858 alio
676 1794 808 1873 minus;
840 1801 875 1858 et
897 1792 996 1879 hujus
1018 1814 1149 1857 causam
1172 1792 1254 1858 dicit
1285 1793 1321 1856 in
1352 1791 1513 1879 principio

461 1895 546 1960 (toeli
569 1901 603 1961 et
627 1895 753 1975 Mundi,
770 1895 857 1980 quod
881 1916 977 1959 omne
999 1894 1143 1959 mixtum
1158 1898 1311 1959 movetur
1332 1894 1511 1959 secundum

461 2003 615 2062 naturam
638 1997 792 2062 elementi
815 1996 1028 2076 dominantis,
1048 1997 1084 2061 in
1118 1997 1196 2082 ipso.
1255 1996 1343 2060 Nam
1374 1996 1425 2061 vel
1456 1997 1512 2061 de·

460 2100 587 2164 scandit
614 2097 749 2163 inferius
772 2119 831 2185 per
852 2104 1006 2164 naturam
1045 2098 1163 2184 gravis,
1187 2098 1240 2163 vel
1271 2097 1419 2162 ascendit
1452 2119 1512 2183 per

459 2206 612 2265 naturam
641 2200 751 2280 lavis;
785 2205 820 2265 et
857 2201 931 2266 ideo
968 2200 1143 2265 secundum
1183 2199 1267 2264 banc
1297 2200 1386 2263 viam
1418 2199 1511 2263 nullo

459 2303 557 2367 modo
579 2307 688 2387 potest
710 2323 777 2366 esse
800 2303 979 2387 aequalitas.
1028 2301 1073 2365 Et
1096 2299 1194 2386 hujus
1225 2301 1311 2366 ratio
1350 2305 1401 2365 est
1432 2301 1511 2386 quia

459 2404 488 2466 si
510 2409 643 2467 tantum
666 2409 751 2468 esset
774 2404 810 2467 in
834 2403 941 2468 mixto
965 2404 1005 2468 de
1028 2407 1149 2466 natura
1163 2403 1274 2488 gravis
1291 2405 1454 2487 quantum
1469 2402 1510 2466 dc

459 2508 579 2568 natura
615 2505 705 2581 levis,
733 2509 814 2568 tunc
851 2525 918 2568 non
957 2505 1147 2569 ascenderet
1183 2509 1317 2591 propter
1353 2509 1510 2569 naturam

457 2605 576 2690 gravis,
615 2625 674 2670 nec
711 2605 920 2670 descenderet
958 2611 1093 2691 propter
1134 2612 1286 2670 naturam
1324 2605 1415 2681 levis,
1449 2627 1511 2670 nec

458 2707 639 2793 quiesceret
676 2707 712 2770 in
749 2707 819 2771 loco
866 2707 1103 2772 elementorum
1141 2708 1250 2793 aliquo
1262 2731 1270 2787 ;
1327 2709 1406 2794 quia
1443 2729 1510 2793 qua

457 2809 644 2874 rationein
667 2831 734 2874 uno
757 2809 887 2888 etalio,
920 2814 1056 2896 propter
1078 2809 1302 2895 aequalitatem
1333 2810 1444 2896 gravis
1474 2817 1510 2874 et

458 2911 562 2991 levis3
585 2932 661 2998 ergo
685 2932 744 2976 nec
767 2917 919 2976 movetur
941 2933 1001 2976 nec
1023 2912 1169 2997 quiescit,
1185 2911 1274 2997 quod
1289 2918 1339 2976 est
1361 2913 1509 2998 impossi-

459 3012 532 3078 bile.
581 3012 721 3100 Oportet
754 3013 858 3099 igitur
891 3013 979 3098 quod
1014 3013 1182 3099 quodlibet
1215 3014 1354 3079 mixtum
1387 3014 1510 3078 habeat

458 3116 532 3200 plus
548 3116 587 3180 de
611 3137 677 3180 uno
692 3117 853 3182 elemento
877 3138 975 3202 quam
992 3115 1033 3181 de
1055 3116 1129 3193 alio,
1145 3116 1218 3202 plus
1241 3117 1313 3181 dico
1328 3115 1506 3180 secundum

459 3217 688 3297 substantiam,
722 3224 756 3283 et
787 3220 1016 3303 quantitatem,
1041 3223 1076 3283 et
1097 3217 1235 3304 pondus,
1259 3225 1293 3284 et
1330 3219 1507 3283 secundum

458 3325 613 3382 naturam
658 3321 768 3405 gravis
800 3326 834 3384 et
869 3320 958 3384 levis.
1025 3319 1090 3384 Sed
1124 3321 1185 3385 boc
1223 3320 1421 3385 elementum
1452 3321 1508 3384 do-

459 3419 589 3483 minans
612 3421 710 3483 utin
741 3420 891 3505 pluribus
923 3426 973 3485 est
1007 3425 1104 3498 terra,
1129 3423 1165 3485 in
1198 3422 1313 3487 multis
1345 3445 1440 3506 aqua,
1472 3423 1506 3485 in

459 3521 624 3606 aliquibus
647 3527 712 3600 adr,
730 3526 764 3586 et
779 3522 815 3586 in
831 3523 1028 3607 quibusdam
1044 3523 1137 3609 ignis.
1183 3524 1272 3588 Nam
1286 3524 1322 3588 in
1345 3525 1410 3588 illis
1433 3546 1507 3609 quu‘

460 3629 579 3710 petunt
601 3630 725 3688 terram
749 3624 811 3688 sub
843 3646 929 3708 aqua
963 3629 1013 3690 est
1044 3631 1133 3689 terra
1163 3647 1221 3712 per
1252 3625 1444 3705 dominium,
1469 3633 1507 3691 ut

459 3726 584 3811 lapides
607 3731 641 3790 et
664 3725 874 3810 hujusmodi3
899 3726 935 3789 in
958 3725 1105 3811 hisquae
1128 3726 1235 3792 locum
1265 3750 1360 3813 aquae
1391 3734 1507 3792 tenent

459 3835 509 3892 est
532 3850 618 3913 aqua
639 3849 698 3915 per
720 3827 911 3908 dominium,
935 3833 975 3892 ut
1001 3828 1035 3891 in
1052 3829 1131 3894 uino
1147 3836 1182 3894 et
1197 3830 1287 3895 lacte.
1325 3830 1407 3909 Quae
1428 3852 1506 3894 vero

458 3935 675 4015 supernatant
698 3952 819 4016 aquam
841 3930 965 3995 habent
987 3936 1096 3994 a'crem
1119 3932 1297 3996 secundum
1313 3932 1506 4007 dominium,

457 4038 496 4096 ut
519 4032 553 4096 in
576 4032 646 4097 oleo
669 4038 704 4096 et
726 4033 825 4118 lignis
847 4054 966 4117 aquam
989 4034 1288 4117 supernatantibus,
1326 4034 1407 4114 Qua
1426 4056 1506 4099 vero

458 4135 639 4198 ascendunt
677 4135 825 4220 superius
859 4136 894 4198 in
933 4141 1014 4211 atre,
1046 4141 1086 4199 ut
1123 4135 1255 4200 flamma
1287 4144 1321 4202 et
1369 4158 1505 4223 vapores

426 4321 428 4325 Ι
457 4235 617 4310 ardentes,
650 4235 775 4300 babent
812 4241 964 4301 naturam
1003 4237 1089 4322 ignis
1121 4259 1179 4322 per
1216 4237 1426 4319 dominium;
1471 4247 1505 4303 et

457 4336 652 4420 generaliter
675 4339 922 4422 evaporationes
942 4338 1038 4404 factm
1062 4361 1120 4424 per
1143 4339 1284 4403 calidum
1308 4341 1344 4404 in
1367 4343 1506 4427 corpori·

457 4437 518 4500 bus
550 4457 607 4498 seu
638 4437 793 4501 animatis
828 4462 885 4503 seu
918 4441 1117 4520 inanimatis,
1149 4464 1225 4505 nam
1258 4441 1375 4508 levitas
1407 4445 1504 4530 ignea

456 4536 644 4601 dominatur
682 4539 718 4601 in
750 4542 904 4606 omnibus
937 4548 972 4608 et
1004 4544 1181 4609 secundum
1217 4546 1438 4629 quantitatem
1470 4554 1504 4610 et

453 4640 642 4726 subjectam.
