3586 5640
704 809 882 857 orrnsnrx
908 808 944 857 11.
1290 791 1355 862 573

306 1005 470 1048 censorem
492 988 650 1060 nostrum,
674 983 725 1048 cui
759 1005 820 1048 nec
842 981 1010 1068 ingenium
1033 980 1132 1056 deest,
1157 1003 1216 1046 nec
1246 1004 1356 1048 rerum

307 1085 461 1171 cognitio,
483 1107 517 1149 se
543 1084 710 1149 lubentius
732 1084 905 1149 credidisse
937 1083 1158 1168 scriptoribus,
1186 1083 1243 1168 qui
1274 1084 1358 1147 nihil

306 1188 386 1251 certi
402 1188 441 1251 de
458 1187 585 1251 Baconc
608 1187 763 1265 viderint,
780 1208 879 1272 quam
902 1185 942 1248 iis
957 1206 1032 1269 quae
1055 1184 1175 1270 scripto
1191 1185 1358 1249 manda-rit

306 1289 400 1354 Boou.
476 1289 684 1374 Quapropter
729 1309 857 1353 summa
901 1285 1062 1351 afficimur
1107 1285 1238 1371 injuria,
1284 1309 1358 1350 cum

305 1413 377 1476 pag.
416 1392 467 1470 30,
518 1410 578 1453 nos
615 1389 703 1453 inter
752 1411 807 1453 eos
845 1388 981 1453 collocat
1018 1409 1140 1468 censor,
1179 1386 1244 1472 qui,
1284 1409 1359 1473 quse

305 1493 429 1557 vetusti
465 1490 638 1577 scriptores
676 1490 832 1569 dixerint,
871 1512 939 1555 uon
976 1489 1145 1569 audiunt3
1195 1489 1253 1554 sed
1298 1511 1358 1554 suo

307 1600 411 1658 marte
433 1598 605 1658 auctorum
627 1591 742 1658 faciem
774 1592 839 1657 sibi
861 1591 1003 1678 fingunt,
1027 1613 1095 1656 non
1126 1613 1165 1656 ca
1187 1596 1359 1656 narrantes

306 1718 380 1781 quae
414 1694 578 1759 momoriae
611 1695 821 1772 mandarunt,
856 1694 913 1758 sed
959 1714 998 1758 ea
1036 1715 1110 1778 quae
1148 1693 1198 1757 illi
1236 1693 1359 1758 sentire

306 1797 502 1863 debuissent.
548 1795 625 1861 Non
641 1800 692 1861 est
714 1795 860 1882 profecto
875 1795 932 1873 ita,
950 1799 990 1859 ut
1006 1816 1118 1860 censor
1132 1795 1358 1861 calumniatur.

307 1900 380 1966 Prre
411 1899 512 1965 oculis
550 1899 690 1964 Beconis
724 1899 847 1984 scripta
885 1919 1013 1983 semper
1049 1896 1234 1977 habuimus,
1274 1898 1359 1962 nihil

307 2001 594 2080 dissimulavimus
630 1999 714 2064 nihil
748 2005 862 2064 nostro
896 1999 993 2085 genio
1026 1999 1272 2085 composuimus,
1301 2001 1359 2064 sed

307 2103 417 2167 omnia
439 2103 485 2168 sio
507 2101 789 2189 pertractavimus,
805 2106 845 2165 ut
867 2123 888 2165 a
903 2099 1043 2165 Buconis
1065 2099 1168 2166 latere
1190 2123 1358 2187 nunquam

307 2205 554 2270 discesserimus.
601 2204 651 2268 Ac
685 2202 800 2268 videat
833 2201 1051 2280 Aristarchus,
1086 2202 1249 2288 nequod
1283 2224 1360 2268 exc·

308 2312 425 2383 oratur,
450 2305 486 2369 id
509 2305 666 2370 continuo
690 2304 854 2369 admittat.

352 2407 525 2493 Siquidem
565 2407 687 2473 Baconi
726 2406 780 2470 vel
817 2405 935 2484 invito,
974 2406 1159 2494 astrologice
1192 2406 1360 2491 judicialis

309 2510 430 2574 crimen
462 2508 586 2593 objicit,
621 2532 642 2573 a
685 2531 749 2594 quo
787 2514 857 2574 tarn
896 2506 1011 2589 abiirit,
1050 2514 1090 2573 ut
1127 2509 1209 2573 nihil
1246 2510 1359 2595 magis.

309 2611 465 2697 Rigidum
487 2610 599 2695 itaque
622 2632 794 2675 monemur
816 2631 988 2688 censorem,
1012 2632 1054 2676 ne
1076 2611 1196 2676 cursim
1219 2611 1358 2676 aliorum

308 2734 406 2799 opera
428 2712 516 2798 legat
538 2712 774 2797 imposterum,
797 2713 854 2777 sed
885 2713 1007 2778 iterum
1038 2718 1139 2798 atque
1168 2713 1291 2778 iterum
1321 2735 1360 2778 ea

307 2814 466 2893 revolvat,
490 2835 527 2878 ac
550 2814 696 2900 penitius
728 2836 828 2899 quam
859 2815 979 2879 fecerit.
1035 2814 1239 2900 Scriptorum
1270 2837 1360 2878 men·

308 2922 375 2980 tem
409 2915 624 3000 introspiciat.
683 2915 724 2978 Id
759 2916 786 2978 si
819 2914 933 2979 fecerit
965 2937 1032 2979 non
1066 2916 1256 2980 dubitamus
1279 2917 1359 3000 quin

308 3018 378 3102 ojus
400 3038 499 3103 opera
520 3016 638 3099 majori
661 3017 767 3101 pretio
790 3016 912 3079 eruditi
935 3016 1070 3081 mercati
1092 3016 1223 3082 fuerint.

355 3119 407 3182 Ex
430 3117 501 3182 rede
525 3117 558 3181 S.
586 3117 750 3180 Francisci
774 3139 795 3181 a
817 3117 924 3182 Vinea
946 3118 1172 3183 Venetiarum.

699 3881 742 3929 EN
746 3883 769 3929 D
792 3883 836 3932 01⁴⁸
857 3884 933 3933 VOL.
959 3882 980 3934 I.
