3586 5640
306 754 373 842 n1.]
716 767 894 818 sermm
917 769 939 819 1.
1291 757 1359 822 529

304 946 448 1012 alterant
476 965 528 1012 res
553 944 600 1010 eis
624 943 779 1029 objectas,
818 947 858 1008 ut
884 941 1078 1009 basiliscus-⁸
1110 943 1270 1011 interficit
1292 944 1360 1012 solo

306 1049 389 1126 visu,
429 1052 464 1113 et
504 1045 626 1134 lupus⁹
665 1045 776 1111 reddit
815 1044 988 1110 hominum
1026 1067 1161 1112 raucum
1200 1048 1229 1112 si
1268 1049 1360 1136 priua

305 1150 427 1216 viderit
450 1150 625 1227 hominem,
650 1153 686 1214 ct
711 1145 856 1233 hyaena³
882 1148 972 1213 intra
997 1148 1149 1213 umbram
1172 1170 1266 1214 suam
1291 1172 1360 1217 non

306 1253 477 1338 permittet
498 1272 612 1316 canem
636 1251 768 1330 latrare,
799 1250 886 1316 sicut
912 1247 1046 1315 Solinus
1069 1250 1120 1316 De
1148 1250 1361 1319 Mirabilibus

308 1354 427 1420 Mundi
456 1358 579 1433 narrat,
611 1356 646 1418 et
686 1351 745 1418 alii
790 1356 947 1444 auctores.
1009 1351 1055 1417 Et
1084 1352 1280 1420 Aristoteles
1324 1355 1360 1420 in

306 1457 392 1521 libro
428 1457 479 1522 De
509 1454 760 1542 vegetabilibus
795 1455 886 1534 dicit,
917 1454 1101 1542 palmarum
1130 1453 1361 1522 foeminearum

306 1559 433 1624 fructus
456 1563 673 1624 maturescere
696 1578 756 1644 per
779 1558 912 1623 odoram
937 1556 1202 1639 masculinasum,
1218 1563 1253 1624 et
1266 1580 1361 1645 cquae

308 1661 559 1749 impregnantur
609 1661 646 1725 in
683 1659 852 1745 aliquibus
890 1659 1079 1746 regionibns
1123 1682 1182 1746 par
1228 1661 1361 1727 odorem

307 1785 474 1849 equorum,
500 1769 540 1829 ut
571 1761 725 1829 Solinus⁴
754 1766 869 1827 narrat
881 1786 889 1842 3
920 1766 956 1827 et
984 1763 1093 1827 multa
1122 1762 1204 1829 talia
1233 1762 1361 1830 contin-

307 1874 399 1954 gunt,
425 1889 483 1954 per
507 1864 629 1952 species
653 1870 689 1931 et
714 1864 857 1930 virtutes
881 1865 1076 1930 animalium
1101 1869 1136 1930 et
1161 1866 1360 1953 plantarum,

307 1970 478 2056 multaque
514 1968 727 2046 mirabiliora,
755 1967 841 2033 sicut
867 1967 962 2033 docet
984 1967 1181 2034 Aristoteles
1209 1970 1247 2034 in
1275 1968 1361 2034 libro

308 2072 522 2137 Secretorum
585 2070 696 2151 Quum
733 2091 811 2156 ergo
850 2070 975 2156 plantae
1016 2075 1052 2135 ct
1092 2070 1250 2137 animalia
1293 2092 1362 2138 non

308 2175 435 2261 possint
461 2174 625 2260 attingere
647 2172 692 2237 ad
717 2172 916 2259 dignitatem
941 2177 1071 2239 naturae
1090 2173 1242 2252 hominis,
1262 2175 1361 2239 homo

307 2277 413 2341 multo
442 2273 570 2362 magis⁶
610 2274 733 2361 poterit
761 2273 865 2340 facere
904 2274 1047 2340 virtutes
1088 2279 1123 2341 et
1162 2275 1292 2362 species,
1326 2282 1361 2342 et

308 2379 429 2444 calores
464 2378 613 2443 emittere
643 2377 687 2441 ad
723 2376 936 2443 alterationes
966 2397 1138 2463 corporum
1177 2382 1272 2444 extra
1302 2399 1360 2459 sa3

307 2487 440 2568 propter
464 2481 552 2566 quod
589 2479 783 2545 Aristoteles
813 2480 894 2546 dicit
920 2478 1062 2546 secundo
1092 2479 1144 2545 De
1174 2480 1297 2547 Somno
1327 2483 1363 2546 et

307 2583 440 2670 Vigilia,
472 2582 559 2668 quod
582 2582 701 2647 mulier
729 2586 935 2648 menstruoso
959 2583 988 2647 si
1011 2581 1165 2669 inspiciat
1184 2583 1360 2670 speculum,

308 2686 415 2751 inficit
437 2685 615 2772 ipsum‚.et
640 2689 777 2771 apparet
800 2685 836 2748 in
866 2681 929 2750 e0⁶
954 2683 1059 2750 nubes
1081 2686 1268 2772 sanguinea
1314 2685 1360 2752 Et

308 2786 463 2855 Solinus⁷
488 2798 604 2854 narrat
628 2787 718 2873 quod
740 2788 777 2852 in
793 2786 931 2874 Scythia
952 2788 1084 2874 regione
1107 2793 1186 2853 sunt
1209 2789 1362 2854 mulieres

309 2899 327 2928 “
349 2892 496 2978 geminas
531 2890 673 2978 pupillas
708 2889 867 2955 habentes
912 2890 949 2954 in
974 2910 1041 2955 uno
1081 2889 1201 2956 oculo.'’
1261 2889 1362 2957 Unde

310 2993 451 3061 Ovidius
466 2992 493 3058 :⁸

576 3127 717 3194 “Nocet
741 3125 869 3214 pupilla
895 3125 1019 3213 duplex
1036 3124 1066 3206 ;''

306 3309 379 3374 quae
410 3307 513 3372 quum
541 3285 729 3350 irascuntur
757 3283 962 3350 interficiunt
993 3283 1143 3350 homines
1177 3284 1245 3351 solo
1276 3284 1360 3352 visu

308 3390 354 3455 Et
391 3410 451 3454 nos
490 3389 618 3466 scimus,
657 3387 744 3474 quod
766 3388 864 3452 homo
892 3387 989 3454 malae
1026 3387 1270 3474 complexionis,
1302 3387 1360 3455 ha·

306 3493 387 3559 bens
417 3492 645 3558 infirmitatem
679 3491 910 3578 contagiosum,
950 3495 990 3557 ut
1019 3491 1151 3579 lepram,
1190 3491 1245 3558 vel
1275 3513 1360 3557 mor-

306 3597 386 3662 bum
409 3595 575 3674 odaeum,
599 3594 654 3660 vel
680 3593 807 3661 febrem
829 3599 970 3672 acutam,
994 3594 1049 3660 vel
1079 3595 1188 3660 oculos
1216 3595 1361 3659 multum

306 3699 461 3777 infirmos,
484 3698 539 3764 vel
560 3698 755 3784 hujusmodi,
780 3697 868 3783 quod
890 3697 997 3762 inficit
1018 3697 1101 3762 alios
1123 3702 1301 3783 praesentes
1327 3703 1362 3762 et

307 3802 518 3869 contaminat.
565 3800 611 3866 Et
633 3821 821 3867 econverso
836 3800 986 3866 homines
1007 3801 1104 3867 bcnae
1127 3799 1361 3887 complexionis

324 4035 1358 4049 *ww

341 4170 500 4240 'taulioeaq
534 4170 601 4223 Plin.
637 4169 704 4222 Hiat.
738 4169 806 4232 Nat..
889 4167 1024 4239 ⁴Solinua]
1038 4185 1092 4236 cap.
1102 4175 1149 4232 263
1167 4168 1295 4235 Pliny,iv.
1305 4173 1357 4230 δὴ

307 4251 399 4302 mlx.
412 4257 435 4302 4.
855 4249 961 4302 vitm.

339 4373 443 4442 *turm
468 4375 535 4426 rm
563 4375 617 4427 vus
642 4380 694 4436 am
726 4374 807 4428 eoum
887 4329 1150 4475 :fffflffisffm‘
1168 4328 1225 4381 MS·

306 4453 378 4520 ray.
391 4460 480 4519 em
888 4487 1022 4555 '⁸⁰¹¹'er
1053 4505 1107 4554 car·
1135 4490 1171 4540 vi·
1212 4487 1260 4542 se·
1288 4487 1356 4540 run.

338 4571 457 4637 myssa]
477 4558 638 4631 lemma
662 4571 731 4624 aaa.
754 4571 809 4623 viu
857 4567 995 4619 moun
1008 4569 1104 4620 earo.

305 4656 338 4703 ³0
351 4671 358 4713 ς
383 4650 462 4702 Solia.
481 4665 535 4715 cap.
547 4657 588 4704 ³0.
892 4647 902 4677 ¹
915 4647 1032 4715 Ovidius]
1051 4649 1112 4700 Am.
1124 4648 1141 4701 i.
1153 4653 1178 4710 8,
1191 4653 1231 4700 lt.

398 4759 519 4811 VOLI.
783 4758 787 4765 ’
1158 4757 1224 4806 LL
