3586 5640
450 763 515 826 180
828 773 958 824 acuum
981 769 1130 823 mooun
1421 760 1511 847 [car.

283 959 420 1040 nortonam
452 956 586 1039 propter
607 948 860 1036 imaginationes
883 948 1110 1034 corporalium,
1137 948 1257 1034 quibus
1284 949 1433 1036 absorpti
1458 972 1513 1016 sn·

284 1028 428 1144 {issiffiff'
453 1076 539 1134 mus,
563 1053 641 1139 quia
670 1051 776 1115 omnis
806 1050 994 1116 intellectus
1024 1055 1136 1115 noster
1165 1056 1216 1116 est
1237 1072 1312 1116 oum
1339 1053 1512 1134 continuo,

454 1162 494 1220 ut
521 1155 602 1220 dicit
624 1152 828 1232 Aristoteles,
851 1152 937 1217 libro
968 1153 1009 1217 de
1034 1151 1193 1218 Memoria
1224 1157 1259 1218 et
1285 1153 1511 1221 Reminisoen-

456 1260 505 1324 tia
522 1257 591 1344 [l..]
639 1256 684 1320 Et
706 1254 781 1320 ideo
811 1255 918 1341 primo
944 1254 1072 1320 intuitu
1094 1277 1160 1320 non
1184 1256 1389 1323 transcendit
1411 1258 1512 1324 intel·

456 1361 561 1426 lectus
586 1362 699 1424 noster
721 1357 810 1422 ultra
832 1356 1037 1437 continuum,
1061 1357 1150 1443 quod
1176 1362 1226 1423 est
1248 1359 1417 1444 quantitas
1440 1382 1511 1426 cor-

458 1461 587 1549 poralis.
634 1460 680 1526 Et
703 1463 836 1547 propter
861 1459 923 1526 boo
955 1459 995 1524 de
1030 1459 1258 1546 spiritualibus
1291 1461 1414 1527 format
1445 1464 1511 1530 sibi
1614 1475 1617 1480 '

458 1564 710 1652 imaginationes
739 1561 930 1649 corporales,
954 1567 1014 1626 aut
1048 1561 1171 1627 similes
1202 1561 1273 1642 ais3
1307 1568 1367 1629 aut
1392 1565 1421 1630 si
1450 1565 1511 1633 bas

458 1690 525 1732 non
561 1666 662 1732 iaciat
695 1664 880 1750 aliquando,
911 1669 991 1730 tunc
1029 1664 1141 1730 deficit
1171 1687 1192 1729 a
1225 1667 1511 1753 comprehensione

457 1770 637 1836 veritatum
682 1768 766 1834 circa
810 1765 1004 1853 spiritualia,
1043 1771 1077 1833 et
1122 1767 1208 1832 nihil
1246 1770 1512 1856 contemplatur;

457 1878 492 1938 et
522 1871 595 1938 ideo
618 1871 654 1936 in
683 1869 736 1935 his
766 1868 872 1935 multa
901 1874 981 1934 sunt
1006 1869 1143 1956 vulgata
1165 1871 1345 1937 secundum
1374 1874 1511 1956 modum

456 1975 612 2061 loquendi
649 1974 685 2039 in
723 1971 952 2059 corporalibus,
992 1993 1066 2037 cum
1105 1976 1218 2038 tamen
1251 1972 1349 2040 aliter
1387 1976 1512 2042 intelli·

457 2080 565 2165 genda
601 2081 689 2156 sunt,
728 2080 762 2140 et
795 2096 862 2141 non
891 2075 997 2140 solum
1035 2075 1075 2140 de
1113 2076 1246 2162 angelis,
1270 2078 1327 2143 sed
1358 2079 1398 2144 de
1429 2078 1509 2146 Deo.

289 2195 409 2246 amtor
459 2182 548 2249 Nam
586 2180 723 2247 dicimus
757 2178 845 2263 quod
883 2177 974 2244 Deus
1023 2178 1191 2245 descendit
1228 2179 1269 2245 de
1306 2181 1385 2247 coelo
1397 2207 1406 2262 ;
1451 2183 1511 2249 sed

289 2261 439 2379 fflffiffil‘
457 2285 636 2350 secundum
681 2281 814 2345 modum
859 2281 1032 2368 vulgatum
1080 2282 1169 2368 apud
1212 2303 1282 2364 nos,
1328 2284 1417 2370 quod
1454 2287 1511 2352 de·

289 2395 405 2446 rinnand
456 2385 585 2452 scandit
630 2385 670 2449 de
709 2382 785 2459 alto,
821 2382 979 2468 relinquit
1016 2383 1123 2449 locum
1157 2383 1252 2449 illum
1289 2390 1324 2452 et
1361 2387 1510 2472 adquirit

289 2460 423 2586 {iiim
457 2509 580 2553 novum
618 2487 733 2562 locum,
774 2506 872 2570 quem
911 2484 1003 2571 prius
1049 2507 1116 2551 non
1153 2486 1281 2554 habuit
1343 2487 1410 2554 Sed
1436 2489 1509 2557 haec

457 2595 536 2656 sunt
581 2587 724 2654 absurda
769 2587 809 2652 de
856 2586 934 2652 Deo.
982 2586 1027 2652 Et
1072 2611 1147 2653 cum
1193 2590 1334 2656 dieitur:
1384 2591 1509 2658 “Misit

457 2700 474 2728 “
492 2691 580 2757 Deus
604 2689 727 2755 Filium
748 2710 844 2754 suum
867 2689 902 2753 in
932 2688 1058 2770 terris,'’
1087 2712 1154 2756 non
1177 2697 1228 2757 est
1256 2692 1509 2781 intelligendum

456 2795 542 2860 sicut
587 2792 681 2858 bomo
726 2792 835 2858 mittit
879 2791 987 2857 filium
1032 2813 1127 2857 suum
1166 2815 1187 2858 a
1232 2817 1266 2860 se
1311 2795 1354 2860 ad
1399 2795 1508 2863 lacurn

456 2897 643 2972 distantem,
682 2895 718 2960 in
753 2916 818 2980 quo
855 2916 922 2960 non
954 2898 1004 2960 est
1035 2895 1181 2972 mittens,
1219 2902 1253 2962 et
1283 2919 1380 2983 quem
1416 2900 1510 2984 prius

456 3021 522 3065 non
545 2998 664 3064 habuit
685 2998 811 3063 missus
870 2996 953 3064 Haec
975 2997 1063 3063 enim
1095 2998 1130 3063 in
1153 2999 1376 3085 corporalibus
1399 3001 1507 3067 locum

455 3102 602 3182 habent,
641 3107 675 3166 et
713 3101 760 3165 sio
792 3100 832 3166 de
870 3100 1009 3165 infinitis
1032 3100 1106 3165 aliis
1135 3101 1307 3167 attributis
1341 3102 1422 3184 Deo,
1459 3126 1507 3170 se·

455 3205 599 3271 cundum
636 3225 798 3270 sermones
843 3203 998 3289 vulgatos
1044 3203 1084 3268 de
1130 3204 1360 3292 corporalibus.
1424 3205 1507 3288 Qua

427 3339 429 3343 ·
454 3306 551 3371 aliter
574 3305 788 3392 intelligenda
810 3311 895 3369 sunt.

285 3412 335 3464 und
346 3417 439 3482 sapis.
500 3408 660 3475 Similiter
682 3429 760 3472 vero
777 3412 828 3472 est
843 3407 883 3472 de
899 3407 1033 3493 angelis,
1050 3408 1138 3493 quod
1163 3409 1269 3473 multa
1284 3409 1450 3495 loquimur
1465 3412 1506 3479 de

454 3513 500 3577 eis
530 3512 707 3577 secundum
742 3509 973 3575 similitudines
999 3510 1153 3596 loquendi
1185 3511 1223 3575 in
1254 3513 1474 3599 corporalibus
1486 3513 1504 3598 3¹

437 3609 532 3702 ‘quia
554 3615 629 3680 talis
653 3614 769 3680 modus
791 3613 946 3698 loquendi
976 3618 1027 3679 est
1053 3614 1204 3700 proprius
1226 3615 1409 3681 intellectui
1431 3639 1505 3683 nos-

453 3724 514 3797 tro,
539 3720 593 3804 qui
618 3717 797 3805 corporalia
828 3738 894 3780 non
926 3716 1136 3796 transcendit,
1167 3717 1272 3803 primo
1303 3723 1439 3804 aspectu
1471 3727 1505 3787 et

453 3821 626 3907 principali
649 3821 769 3887 mentis
792 3819 942 3894 intuitu;
966 3819 1043 3884 licet
1058 3841 1099 3883 ex
1122 3821 1333 3905 consequenti
1355 3843 1413 3908 per
1435 3844 1504 3890 cor·

451 3925 586 4007 paralia,
611 3947 685 4011 quse
715 3927 794 3988 sunt
827 3921 961 3988 effectus
985 3926 1019 3986 et
1034 3921 1236 4008 privationes
1270 3923 1504 4010 spiritualium,

451 4023 644 4090 devenimus
667 4027 723 4092 viu
737 4024 923 4113 argumenti
946 4024 982 4088 in
1006 4024 1162 4109 aliquales
1185 4026 1387 4112 cognitiones
1409 4028 1504 4114 spiri·

449 4125 611 4205 tualium3
644 4135 678 4193 et
701 4128 864 4214 praecipue
879 4130 1041 4212 quantum
1057 4125 1101 4191 ad
1118 4127 1346 4212 quaestiones⁹
1368 4152 1411 4194 an
1434 4130 1504 4198 sint

448 4231 483 4292 et
506 4233 588 4312 quot
622 4229 698 4294 sint.
744 4230 832 4309 Quia
869 4229 990 4294 scimus
1028 4228 1116 4314 quod
1154 4228 1246 4296 Deus
1284 4235 1334 4296 est
1370 4237 1505 4319 propter

447 4329 644 4396 creationem
671 4335 707 4396 et
736 4330 1010 4417 gubernationem
1038 4331 1176 4412 mundi;
1215 4337 1249 4397 et
1272 4333 1390 4398 scimus
1413 4334 1503 4420 quod

481 4666 489 4700 ¹
507 4666 531 4717 ia
543 4664 721 4734 corporalibus]
740 4683 789 4720 om.
802 4669 832 4722 T.
964 4671 969 4739 l
1017 4672 1027 4701 ¹
1043 4669 1196 4736 questiones]
1216 4671 1388 4735 questionum,
1406 4671 1435 4722 s
