3586 5640
449 791 516 852 410
805 802 936 855 nonam
959 803 1109 855 asconis
1411 787 1501 874 [car.

420 1022 423 1028 -
450 978 601 1042 “labore
638 978 808 1044 discessit?
856 980 965 1059 Quare
1002 979 1207 1045 intendenda
1230 978 1283 1043 vis
1306 981 1426 1046 mentis
1449 984 1501 1046 est

451 1089 468 1113 “
490 1102 669 1166 verumque
684 1085 735 1146 est
757 1081 868 1147 amitti
887 1083 1042 1158 animum,
1059 1083 1087 1147 si
1103 1079 1315 1148 remittitur.''
1361 1082 1408 1146 Et
1423 1083 1499 1148 ideo

448 1183 485 1247 in
499 1181 592 1262 libro,
609 1182 661 1247 De
677 1182 859 1269 Disciplina
875 1182 1090 1265 Scholarnm,¹
1108 1183 1294 1270 dicitquod
1310 1184 1500 1250 “universae

449 1289 469 1320 “
491 1284 649 1352 doctrinae
672 1289 707 1351 et
726 1285 906 1371 disciplima
927 1307 1068 1353 noverca
1089 1292 1140 1353 est
1160 1284 1389 1376 negligentia’'
1434 1286 1500 1352 Sed

448 1386 519 1455 haec
542 1392 675 1474 meante
695 1388 881 1474 spiritualia
900 1388 1106 1475 sapientiam,
1128 1411 1203 1475 quae
1225 1395 1298 1457 tota
1320 1387 1501 1476 spiritualis

449 1494 508 1570 est,
529 1495 706 1571 enervont;
729 1491 972 1576 propterquod
995 1491 1119 1559 dictum
1142 1497 1200 1570 est,
1219 1493 1283 1557 “in
1304 1490 1500 1557 malevolam

450 1598 467 1628 ‘⁴
490 1591 635 1658 animem
658 1614 727 1658 non
749 1592 904 1659 introibit
930 1592 1119 1679 sapientie,'’
1142 1598 1276 1681 propter
1298 1599 1412 1659 tamen
1440 1615 1500 1680 gu-

448 1693 514 1759 lam
538 1699 573 1759 et
594 1694 760 1760 luxuriam
784 1695 1006 1782 subjungitur,
1031 1701 1118 1764 “nec
1147 1697 1184 1763 in
1212 1718 1346 1783 corpore
1367 1695 1501 1763 subdito

451 1804 468 1831 rr
490 1795 657 1883 mill„

282 1906 437 1986 Canusina
494 1899 541 1964 Et
569 1904 702 1986 peccota
727 1899 870 1965 carnalia
894 1904 1027 1986 propter
1055 1899 1240 1968 foeditatem
1270 1906 1305 1967 et
1333 1900 1499 1973 vilitatem

283 1975 424 2040 ‘mul'
449 2023 561 2067 eorum
583 2002 725 2067 maxime
747 2008 932 2089 repugnant
953 2003 1124 2089 sapientiae
1147 2004 1328 2083 munditiae,
1343 2009 1378 2070 et
1399 2003 1500 2069 etiam

449 2103 568 2170 anima
590 2103 769 2181 rationalis,
786 2105 894 2169 idest
915 2104 1067 2184 hominis,
1088 2106 1252 2192 dignitati.
1299 2106 1390 2172 Dicit
1411 2107 1500 2171 enim

450 2205 576 2273 Tullius
591 2206 674 2272 libro
690 2207 741 2271 Dc
757 2206 934 2272 Senectute
944 2206 1029 2291 [12],
1046 2207 1155 2273 “Cum
1170 2207 1296 2274 homini
1312 2208 1402 2273 Deus
1416 2208 1501 2272 nihil

451 2317 469 2343 “
491 2309 702 2395 praestentius
724 2314 835 2374 mente
858 2309 1008 2388 dedisset,
1024 2309 1100 2374 huio
1123 2309 1237 2376 divino
1259 2310 1387 2376 muneri
1416 2309 1501 2375 nihil

451 2419 468 2445 “
491 2416 542 2476 est
572 2416 641 2475 tam
671 2411 840 2476 inimicum
873 2432 972 2496 quam
1001 2409 1183 2498 1011111111,υ
1229 2411 1376 2498 Impedit
1411 2412 1501 2476 enim

449 2512 620 2578 consilium
652 2513 814 2598 voluptas,
845 2512 968 2578 rationi
1000 2513 1143 2592 inimica,
1175 2519 1209 2580 et
1238 2515 1358 2580 mentis
1391 2514 1500 2580 oculos

448 2615 650 2701 perstringit.
697 2615 838 2700 Magnus
853 2616 953 2680 etiam
969 2615 1135 2702 Archytas
1156 2616 1355 2682 Tarentinus
1375 2616 1500 2702 Pytha

447 2717 584 2802 gericus,
618 2720 652 2782 et
685 2716 834 2783 Platonis
868 2718 1033 2804 magister,
1066 2719 1191 2784 nemini
1222 2724 1261 2784 ut
1293 2720 1342 2784 ait
1372 2718 1501 2784 Tullius

449 2819 581 2900 ibidem,
607 2819 761 2886 censebat
791 2819 931 2885 dubium
960 2841 1029 2886 esse
1059 2822 1141 2906 quin
1174 2843 1273 2906 quam
1304 2821 1363 2888 diu
1383 2821 1499 2908 volup

449 2923 512 2989 tati
544 2923 700 3009 gauderet
728 2922 812 2988 nihil
843 2922 968 3009 agitare
1001 2929 1120 3003 mente,
1143 2923 1227 2989 nihil
1257 2925 1393 3004 ratione,
1416 2923 1501 2990 nihil

449 3025 635 3092 imitatione
668 3025 820 3111 consequi
851 3047 952 3111 posse
998 3024 1169 3110 Siquidem
1203 3048 1277 3092 cum
1314 3027 1418 3112 major
1456 3027 1502 3093 sit

448 3133 548 3213 etque
571 3128 780 3214 longinquior
803 3149 898 3193 omne
920 3127 1039 3193 enimae
1061 3127 1174 3195 lumen
1196 3129 1370 3216 extinguit.
1410 3127 1500 3194 Bene

449 3230 549 3294 etiam
574 3231 687 3295 Cicero
703 3234 822 3314 quarto
845 3229 896 3295 De
920 3229 1166 3309 Quaestionibus
1180 3230 1253 3317 [10]
1278 3230 1359 3296 dicit
1380 3230 1501 3296 intem-

449 3332 632 3416 perantiam
662 3333 846 3417 voluptatis
879 3353 948 3396 esse
984 3333 1110 3399 fontem
1144 3333 1291 3398 omnium
1328 3333 1500 3419 pe1turba-

449 3433 586 3509 tionum,
612 3455 686 3518 quse
718 3438 768 3498 est
790 3434 826 3499 in
852 3437 925 3499 tota
946 3440 1056 3500 mente
1086 3457 1107 3499 a
1128 3439 1217 3500 recta
1239 3435 1367 3500 ratione
1396 3435 1500 3502 defec-

451 3534 508 3601 tio.
554 3535 654 3600 Unde
676 3535 840 3601 Averroes
866 3537 902 3600 in
932 3538 1071 3622 septimo
1104 3536 1341 3622 Physiecrum⁹
1372 3538 1500 3625 egregie

448 3638 628 3704 sententiat
659 3640 747 3724 quod
781 3661 855 3704 cum
885 3639 1027 3706 virtutes
1056 3661 1169 3706 omnes
1201 3639 1389 3706 necessariae
1421 3647 1501 3706 sunt

449 3741 492 3806 ad
531 3741 700 3827 sapientire
738 3741 992 3827 inquisitionem,
1034 3745 1146 3807 tamen
1189 3743 1320 3808 castitas
1356 3743 1501 3809 maxime

449 3845 652 3930 requiritur;
697 3849 731 3909 et
754 3843 826 3910 ideo
858 3865 916 3929 per
949 3844 1149 3909 contrarium
1181 3842 1313 3909 luxuria
1334 3845 1409 3931 plus
1432 3867 1501 3910 om·

450 3947 548 4011 nibus
580 3947 721 4032 quodam
753 3946 859 4024 modo,
891 3946 1108 4032 spiritualiter
1144 3948 1314 4033 praecipue,
1353 3949 1500 4014 noscitur

449 4051 619 4136 sapientire
641 4071 829 4136 repugnare
876 4049 1016 4135 Propter
1038 4050 1125 4135 quod
1140 4050 1333 4116 Aristoteles
1355 4051 1392 4115 in
1413 4051 1499 4116 libro

451 4150 714 4219 Problemetnm³
730 4153 833 4230 docet,
849 4153 938 4238 quod
960 4153 1058 4218 homo
1077 4153 1221 4218 maxime
1243 4159 1294 4220 est
1309 4154 1498 4241 vituperan-

451 4253 511 4318 dus
534 4260 670 4342 propter
703 4254 934 4321 delectationes
965 4254 1082 4320 horum
1116 4260 1331 4343 peccatorum,
1354 4261 1390 4324 et
1411 4256 1499 4344 qnod

483 4633 489 4665 ¹
502 4631 544 4685 De
555 4629 699 4700 Disciplina
718 4629 874 4703 scholarum]
893 4646 946 4699 cap.
1015 4634 1132 4698 ²seph'mo
1143 4631 1313 4701 Piericam]
1327 4633 1345 4685 f.
1359 4637 1414 4700 115,
1427 4632 1451 4690 b.

447 4713 482 4767 rt
1016 4710 1222 4780 'proclamatum
1237 4713 1398 4766 scaturiit
