3586 5640
366 797 418 884 m]
705 813 935 864 consuamus
956 812 1080 864 sronn.
1351 800 1416 865 409

363 989 551 1054 examinare
577 989 743 1068 veraciter,
770 990 828 1055 sed
858 1012 899 1055 ex
928 991 1054 1078 impetu
1083 989 1220 1076 spiritus
1247 991 1416 1076 presumit

365 1091 405 1154 de
437 1088 650 1165 conclusione,
682 1095 860 1175 antequam
884 1092 988 1175 possit
1020 1091 1062 1156 de
1095 1091 1270 1176 praemissis
1299 1091 1416 1178 proba·

363 1191 511 1257 tionibus
528 1192 685 1278 judicare.
733 1192 815 1259 Haeo
843 1194 1007 1259 sententia
1030 1193 1178 1258 Platonis
1200 1194 1235 1256 in
1258 1193 1342 1259 libro
1365 1193 1417 1259 De

364 1294 634 1381 Proportionibus
671 1300 705 1360 et
738 1295 1108 1382 Proportionalitatibus
1143 1295 1309 1361 recitatur.
1370 1295 1417 1360 Et

364 1397 559 1463 Aristoteles
590 1397 672 1463 dicit
711 1396 948 1484 Physicornm¹
984 1397 1133 1484 septimo,
1175 1399 1264 1484 quod
1304 1397 1417 1464 anima

364 1520 431 1562 non
461 1500 501 1563 fit
526 1500 669 1585 prudens
691 1504 726 1564 et
755 1501 891 1587 sapiens,
916 1499 980 1565 nisi
1007 1500 1163 1566 sedentur
1193 1500 1263 1586 ejus
1286 1506 1415 1587 pertur-

363 1600 521 1667 bationes.
591 1601 657 1666 Sed
694 1601 872 1667 iracundus
909 1602 1073 1668 continuis
1112 1603 1417 1689 perturbationibus

362 1701 551 1767 ventilatur.
597 1703 726 1769 Deinde
754 1709 834 1770 sunt
864 1705 978 1770 discoli
1009 1709 1043 1770 et
1065 1703 1262 1770 contentiosi
1292 1709 1327 1769 et
1348 1705 1417 1770 liti·

362 1804 455 1889 giosi,
486 1811 521 1871 et
550 1805 689 1871 turbant
717 1811 823 1871 totam
855 1806 1104 1893 inquisitionem
1135 1807 1293 1874 veritatis.
1349 1806 1416 1873 Sed

363 1928 483 1992 pravus
508 1912 560 1973 est
589 1908 695 1973 socius
719 1909 776 1994 qui
802 1908 943 1994 impedit
973 1930 1144 1975 commune
1175 1908 1352 1996 negotium,
1375 1913 1417 1974 ut

363 2010 559 2075 Aristoteles
576 2011 760 2075 sententiat
782 2010 819 2074 in
841 2011 902 2076 hac
924 2015 1026 2096 parto.
1073 2011 1208 2076 Etcum
1224 2011 1414 2097 Scriptura²

364 2109 464 2176 Sacra
486 2112 576 2191 dicit,
599 2113 687 2197 quod
718 2119 737 2148 “
752 2112 801 2176 ira
831 2113 1007 2199 requiescit
1036 2113 1073 2177 in
1103 2114 1177 2178 sinn
1204 2112 1330 2194 stulti,’'
1359 2135 1415 2179 ne·

362 2234 448 2278 cesse
471 2219 522 2278 est
544 2214 738 2279 iracundum
760 2214 796 2279 in
818 2214 997 2280 stultitiam
1029 2214 1160 2280 effluere
1186 2221 1222 2281 et
1245 2216 1415 2302 sapientia)

363 2316 533 2380 contraire
578 2316 740 2394 Avaritia,
764 2321 885 2403 praeter
918 2317 980 2383 hoc
1011 2317 1100 2403 quod
1129 2322 1180 2383 est
1202 2318 1315 2384 odiosa
1345 2340 1413 2384 om·

362 2417 468 2496 nibus,
491 2438 559 2482 non
592 2418 734 2483 sustinet
755 2418 810 2484 vel
832 2418 913 2484 sinit
942 2419 1109 2485 hominem
1142 2422 1327 2507 expendere
1357 2443 1413 2487 ne-

362 2520 499 2584 cessaria
529 2520 566 2584 in
603 2519 713 2586 studio
740 2520 918 2608 sapientise.
965 2521 1036 2587 Nec
1058 2526 1169 2608 potest
1198 2544 1318 2588 avarus
1339 2544 1414 2589 oon·

361 2626 489 2687 vertere
510 2643 565 2687 cor
586 2621 629 2687 ad
651 2643 794 2687 amorem
820 2623 1000 2711 sapientias,
1035 2625 1115 2710 quia
1148 2645 1276 2711 semper
1304 2624 1414 2691 inhiat

361 2724 515 2811 pecuniis,
550 2730 585 2790 at
621 2725 744 2790 nititur
779 2747 907 2813 semper
937 2725 1104 2791 cumulare
1137 2727 1298 2808 divitias;
1336 2729 1415 2812 quia

359 2828 388 2891 si
412 2849 531 2892 avarus
555 2827 676 2893 multos
702 2827 879 2914 aliquando
905 2831 1082 2914 congregat
1107 2827 1216 2907 libros,
1240 2849 1300 2914 pro
1325 2832 1413 2893 certo

360 2929 406 2995 eis
432 2951 499 2993 non
521 2934 562 2994 ut
583 2929 812 2995 instrumentis
843 2928 1014 3015 sapientiae
1048 2928 1168 3007 utitur,
1191 2929 1249 2993 sed
1276 2933 1315 2993 ut
1341 2929 1414 2994 the-

360 3054 479 3112 sauro;
506 3033 591 3098 siout
613 3032 763 3097 videmus
785 3032 821 3095 in
843 3030 995 3095 omnibus
1018 3030 1127 3094 avaris
1149 3029 1272 3095 clericis
1294 3029 1331 3094 in
1354 3029 1414 3097 hoc

361 3134 492 3199 mundo.
538 3133 664 3199 Acedia
691 3154 732 3198 ex
756 3155 817 3197 sua
842 3137 963 3196 natura
984 3131 1150 3197 contraria
1172 3136 1223 3197 est
1244 3132 1414 3218 sapientise

361 3241 495 3321 propter
510 3234 669 3300 desidiam
689 3239 725 3300 et
745 3233 881 3300 taedium
904 3232 1026 3298 laboris
1048 3233 1084 3298 in
1106 3233 1224 3300 studio.
1272 3233 1414 3321 Magnus

361 3337 449 3401 enim
476 3336 569 3401 labor
598 3337 779 3423 requiritur
808 3336 851 3400 ad
877 3335 1107 3423 perfectionem
1138 3336 1307 3423 sapientiae
1330 3359 1413 3424 prae-

360 3440 454 3524 oipue
491 3443 625 3525 propter
656 3437 892 3525 impedimenta
929 3438 969 3503 de
1001 3438 1121 3525 quibus
1152 3439 1267 3504 scribo.
1324 3439 1413 3505 Nam

360 3545 505 3606 testante
530 3541 652 3607 Seneca
675 3541 712 3605 in
736 3540 962 3619 Naturalibus‚
989 3542 1051 3606 etsi
1080 3541 1221 3628 majores
1251 3542 1412 3625 docerent,

359 3650 393 3709 et
420 3645 562 3709 minores
592 3643 762 3725 discerent,
789 3648 951 3729 quantum
973 3648 1115 3730 possent,
1139 3645 1198 3708 vix
1220 3643 1415 3711 devenirent

359 3747 402 3811 ad
423 3747 623 3834 profundum
643 3746 679 3810 in
702 3767 767 3832 quo
789 3747 912 3810 veritas
931 3746 1040 3833 posita
1059 3750 1117 3812 cst.
1159 3745 1260 3811 Unde
1277 3745 1413 3813 Boetius

361 3850 447 3915 libro
486 3847 651 3916 secundo³
682 3870 779 3936 super
817 3849 1094 3935 Interpretationa
1125 3848 1319 3914 Aristotelis
1354 3849 1412 3929 ait,

360 3952 511 4018 “Labor
548 3952 730 4017 humanum
764 3973 869 4038 genus
906 3951 1027 4016 excolit
1058 3956 1094 4015 et
1129 3950 1327 4016 beatissimis
1363 3950 1413 4018 in-

359 4056 489 4140 “genii
522 4054 684 4119 fructibus
720 4052 884 4138 eomplet;
921 4052 979 4117 sed
1016 4051 1076 4116 ubi
1106 4051 1233 4116 desidia
1269 4053 1413 4120 remittit

359 4163 378 4193 “
400 4157 535 4237 animos,
574 4156 732 4222 continuo
769 4154 948 4220 seminibus
985 4152 1142 4219 feralibus
1172 4154 1302 4220 animus
1331 4155 1413 4221 uber

360 4264 378 4294 “
400 4258 567 4324 horrescit.
614 4257 696 4338 Quis
718 4256 824 4345 igitur
845 4253 1016 4321 laborandi
1038 4254 1167 4342 peritus
1194 4257 1360 4342 unquam⁴
1390 4280 1412 4323 a

393 4601 400 4630 ¹
412 4599 581 4666 Physicorum]
596 4599 639 4650 vii·
655 4605 679 4650 3.
945 4596 1080 4664 'secundo]
1094 4614 1117 4662 p.
1127 4603 1184 4659 434,
1195 4599 1234 4649 ed.
1248 4598 1344 4664 Migne.

392 4682 402 4712 ²
416 4671 559 4751 Scriptura]
574 4680 668 4730 Eccles.
680 4678 723 4729 vii.
738 4683 775 4729 lo.
943 4674 1081 4743 1ιιιιᾳιιιυιι]
1095 4692 1231 4742 nunquam,
1244 4676 1299 4728 MS.
