3586 5640
455 760 520 824 208
826 773 955 823 uoumu
977 772 1121 822 mconus
1418 759 1507 846 [mr.

453 948 495 1014 de
517 947 569 1012 his
591 953 725 1034 propter
747 948 827 1012 istas
848 947 1094 1012 controversias
1140 945 1185 1012 Et
1199 947 1353 1013 similiter
1373 955 1509 1034 propter

452 1051 683 1116 certitudinem
714 1049 870 1136 temporis
894 1048 1029 1128 Christi,
1062 1070 1128 1134 quo
1161 1049 1246 1113 nihil
1279 1049 1316 1113 in
1338 1049 1508 1136 Scriptura

452 1153 557 1239 magis
590 1150 871 1230 considerandum,
898 1151 960 1216 nisi
994 1152 1159 1238 corruptio
1184 1151 1311 1216 Textus
1345 1151 1437 1218 Sacri
1471 1155 1508 1218 in

451 1253 549 1322 litem
570 1259 606 1320 et
636 1255 672 1318 in
701 1275 799 1319 sensu
821 1254 952 1333 literali,
976 1253 1017 1318 de
1048 1275 1114 1339 qua
1143 1255 1292 1340 superius
1321 1261 1374 1319 est
1403 1277 1507 1320 anno-

452 1362 570 1436 tatum,
591 1363 626 1422 et
648 1356 754 1422 adhuc
776 1355 912 1421 interius
934 1357 969 1420 in
992 1357 1131 1443 peccetis
1153 1357 1258 1421 studii
1280 1356 1503 1424 recitabitur.-

285 1465 441 1533 Astrovomy
498 1459 573 1540 Sed,
597 1464 638 1524 ut
664 1459 743 1537 dixi,
766 1459 858 1524 nulla
879 1458 1018 1524 seientia
1040 1457 1202 1524 certificat
1228 1457 1269 1523 de
1292 1459 1507 1545 temporibus,

285 1533 426 1649 {30⁰5}ss
452 1563 517 1628 nisi
538 1561 757 1639 astronomia3
789 1561 867 1647 quia
889 1560 959 1647 ejus
981 1566 1033 1626 est
1055 1560 1259 1626 considerare
1281 1561 1507 1627 revolutiones

283 1665 368 1783 ezaon
382 1667 413 1717 οἵ
453 1670 604 1732 motuum
637 1663 829 1743 coelestium,
863 1664 921 1751 qui
952 1662 1040 1730 fiunt
1077 1663 1113 1728 in
1144 1663 1351 1749 temporibus
1387 1666 1507 1744 certis3

284 1750 392 1869 soff&
453 1772 487 1833 et
517 1767 669 1834 similiter
698 1765 927 1832 renovationes
964 1765 1142 1853 eclipsium,
1174 1787 1249 1851 quae
1278 1787 1346 1832 uon
1382 1766 1509 1834 cedunt

452 1869 516 1937 uisi
550 1871 593 1937 ad
624 1873 772 1956 tempora
803 1873 901 1950 certa,
933 1873 970 1934 et
1001 1868 1038 1933 in
1072 1868 1123 1932 his
1148 1889 1216 1933 non
1247 1872 1358 1954 potest
1389 1891 1508 1936 errare

453 1973 499 2040 Et
536 1973 609 2038 ideo
646 1972 846 2038 Ptolomaeus
882 1971 918 2037 in
948 1970 1134 2058 Almagesti
1179 1969 1404 2036 consideravit
1447 1993 1508 2058 per

452 2075 585 2163 eclipses
630 2079 788 2163 tempora,
843 2080 878 2140 et
922 2073 1119 2141 certificavit
1162 2077 1293 2159 tempus
1330 2072 1508 2140 Nabucha·

453 2177 604 2259 donozor,
642 2183 678 2244 et
709 2182 818 2244 toturn
851 2183 983 2263 tempus
1017 2174 1060 2241 ab
1087 2196 1125 2242 eo
1151 2195 1255 2260 usque
1284 2175 1328 2240 ad
1358 2175 1507 2242 Alexan-

452 2279 548 2348 drum
588 2280 756 2366 Magnum,
794 2284 829 2345 et
873 2277 916 2344 ab
962 2279 1019 2343 illo
1057 2299 1160 2364 usque
1205 2277 1248 2342 ad
1286 2276 1506 2345 Octavianum

452 2383 664 2468 Augustum3
709 2380 800 2466 cujus
845 2381 1093 2468 quadragesimo
1135 2380 1276 2446 semmdo
1318 2402 1406 2448 enno
1438 2382 1507 2448 Do·

452 2485 561 2551 miuus
594 2497 705 2550 noster
735 2487 835 2548 natus
857 2488 908 2548 est
938 2483 1117 2549 secundum
1140 2503 1254 2549 omnes
1277 2481 1441 2565 historias,
1472 2489 1509 2551 et

451 2588 630 2654 secundum
653 2590 784 2652 sanctos
796 2610 805 2668 ;
835 2594 870 2652 et
892 2585 934 2650 ab
957 2585 1014 2650 illo
1037 2585 1232 2651 certificavit
1255 2593 1418 2672 quantum
1441 2587 1508 2654 fuit

451 2711 554 2776 usque
584 2689 627 2757 ad
656 2693 787 2776 tempus
825 2709 931 2768 suum,
961 2687 1085 2754 scilieet
1114 2707 1218 2774 usque
1252 2689 1296 2753 ad
1319 2688 1507 2756 Adrianum

450 2793 638 2881 principum,
654 2791 716 2857 sub
730 2812 795 2878 quo
811 2789 1009 2858 Ptolomeus
1024 2788 1101 2856 fecit
1122 2789 1397 2858 considerationes
1411 2814 1509 2875 suas3

451 2895 509 2962 sed
540 2899 617 2960 anto
648 2893 954 2961 Nabuchodonosor
991 2914 1058 2958 non
1088 2892 1309 2959 consideravit
1345 2899 1505 2982 tempora.

451 2999 521 3064 Alii
552 3004 664 3064 temen
688 3018 757 3063 non
775 2991 964 3074 tacuerunt,
993 3002 1028 3062 et
1052 2996 1214 3083 praecipue
1237 2995 1441 3061 Albumszar
1471 2998 1507 3064 in

450 3101 534 3168 libro
582 3097 878 3185 Oonjunotionum.¹
941 3097 1029 3163 Nam
1075 3098 1123 3163 ibi
1170 3098 1265 3184 ponit
1309 3098 1507 3185 principium

451 3204 566 3268 muudi
590 3208 624 3268 et
647 3202 788 3288 primurn
835 3200 1010 3281 hominem,
1026 3200 1150 3265 scilicet
1165 3200 1297 3279 Adam;
1321 3206 1355 3266 et
1377 3223 1398 3266 a
1418 3223 1506 3266 crea-

451 3306 542 3370 tione
565 3305 635 3389 ejus
672 3309 769 3369 notat
799 3310 929 3389 tempus
966 3324 1068 3388 usque
1099 3302 1142 3366 ad
1172 3301 1357 3383 Diluvium,
1387 3302 1508 3369 docens

451 3407 592 3493 quadie
616 3411 650 3470 ct
676 3427 742 3491 qua
767 3405 848 3471 hora
873 3405 939 3470 fuit
965 3404 1148 3469 Diluvium,
1196 3402 1285 3469 Nam
1315 3427 1336 3469 a
1366 3404 1506 3492 plasma-

452 3510 543 3575 tione
566 3508 650 3573 Adm
673 3509 842 3592 usquead
864 3511 993 3572 noctem
1017 3506 1083 3572 diei
1106 3506 1252 3584 Veneris,
1283 3507 1319 3570 in
1346 3529 1413 3592 qua
1441 3507 1508 3574 fuit

452 3611 634 3690 Diluvium,
658 3607 791 3674 suerunt
814 3609 894 3675 anui
910 3611 1009 3689 2226,
1026 3613 1059 3674 et
1082 3609 1202 3674 mensis
1217 3630 1311 3686 unus,
1327 3614 1361 3674 et
1384 3610 1507 3696 viginti

452 3721 519 3781 tres
541 3714 618 3792 dies,
642 3716 676 3778 et
700 3716 841 3798 quatuor
863 3712 959 3778 horae.
1005 3711 1134 3777 Deinde
1157 3711 1239 3777 dicit
1262 3711 1375 3776 modos
1397 3712 1507 3778 verifi-

451 3818 548 3884 ceudi
571 3821 679 3884 toturn
703 3822 833 3902 tempus
856 3837 876 3880 a
899 3815 1036 3881 Diluvio
1059 3814 1227 3900 usquead
1251 3813 1507 3881 destructionem

451 3922 532 4007 legis
560 3920 759 3986 Machometi
784 3941 843 4006 per
868 3918 978 3983 omniu
1000 3917 1117 3994 media,
1145 3916 1269 3983 scilicet
1288 3916 1329 3981 de
1359 3922 1506 4004 tempore

452 4022 767 4101 Nabuchadonozor,
784 4027 818 4086 et
834 4020 1026 4099 Alexandri,
1043 4026 1078 4084 et
1094 4018 1226 4096 Christi,
1243 4025 1277 4084 et
1293 4018 1508 4098 Machometi;

452 4125 565 4192 volens
595 4125 683 4209 quod
713 4124 865 4210 princeps
902 4123 983 4210 legis
1013 4110 1109 4187 foedae
1139 4127 1174 4187 et
1203 4121 1357 4208 malignae
1386 4121 1508 4187 habeat

452 4226 544 4314 sequi
562 4225 806 4291 Machometum
821 4249 830 4304 ;
854 4229 889 4290 et
912 4225 966 4289 hic
981 4230 1031 4289 est
1046 4224 1295 4289 Antichristus:
1320 4225 1399 4309 quia
1412 4212 1508 4290 nulla

453 4331 506 4398 lex
530 4329 687 4415 sequitur,
710 4328 775 4392 nisi
799 4327 854 4394 lex
877 4326 1085 4406 Antichristi,
1109 4331 1149 4392 ut
1172 4327 1306 4414 planum
1326 4332 1382 4392 est

489 4589 719 4659 'conjunctionum
741 4589 782 4639 De
806 4589 907 4656 Magnis
930 4587 1162 4652 conjunctionibus,
1183 4587 1229 4640 &c
1252 4589 1307 4655 εἰς.
1322 4589 1353 4642 E.
1377 4585 1421 4640 iiii.
1454 4591 1502 4640 Ed.

457 4676 547 4731 Veros
562 4676 631 4724 ruo.
