3586 5640
704 806 792 856 OPUS
814 807 976 857 ruarluu.

700 1165 706 1176 ⁸
749 1192 830 1260 Cir.
857 1192 928 1258 XV.

356 1386 464 1453 Posm
480 1385 584 1473 igitur
606 1384 825 1450 intentionem
847 1406 992 1472 grossam
1019 1384 1115 1450 istius
1137 1385 1281 1453 seientiae
1305 1393 1492 1453 nomem·

310 1487 486 1566 bilissimae,
514 1492 555 1552 ut
575 1491 734 1573 appareat
757 1488 844 1573 quod
867 1509 1006 1574 magnus
1028 1485 1204 1553 defectus
1194 1509 1230 1552 m
1253 1489 1363 1554 studio
1375 1466 1538 1595 wmffi‘

310 1589 480 1675 sapientise
503 1594 553 1654 est
575 1588 664 1674 apud
698 1588 966 1706 philosophantes
993 1585 1149 1669 Latinos,¹
1176 1591 1263 1676 quod
1293 1590 1520 1712 haemona

313 1691 450 1757 scientia
472 1712 592 1778 magna
621 1711 689 1756 non
712 1697 762 1756 est
794 1692 831 1755 in
864 1712 925 1755 usu
961 1712 1081 1756 eorum.
1127 1690 1173 1758 Et
1210 1691 1280 1759 haec
1313 1661 1527 1781 ffllsmmleor

314 1793 452 1859 scientia
484 1793 617 1880 optima,
650 1797 686 1858 et
719 1798 868 1880 respectu
901 1792 994 1879 cujus
1028 1792 1102 1860 aliae
1136 1814 1204 1859 non
1237 1794 1510 1861 habent⁸¹¹¹¹¹¹⁰'·

309 1894 608 1981 comparationem
641 1894 720 1980 quia
750 1893 820 1961 haec
853 1894 922 1960 sola
953 1895 1048 1961 docet
1077 1895 1202 1961 bonum
1231 1895 1360 1963 animae.

310 1996 476 2062 Caeterum
491 1996 548 2061 isti
570 2016 683 2062 omncs
697 1995 771 2061 aliae
793 2001 872 2060 sunt
886 1996 1051 2083 subjectae,
1066 2003 1101 2063 et
1115 2003 1248 2083 propter
1263 2020 1362 2084 quam

310 2119 422 2164 omnes
445 2097 520 2164 aliae
542 2103 621 2163 sunt
637 2098 792 2164 inventoe.
839 2096 923 2164 Haeo
946 2099 1034 2163 enim
1050 2103 1100 2164 est
1113 2099 1190 2164 finis
1205 2100 1361 2178 omnium,

310 2205 344 2265 et
366 2199 501 2264 domina
522 2205 556 2264 et
578 2200 701 2286 regina.
749 2198 819 2264 Nec
844 2205 953 2285 potest
978 2201 1107 2266 utilitas
1129 2200 1267 2287 alicujus
1293 2225 1362 2268 esso

309 2301 374 2366 nisi
388 2305 537 2388 respectu
551 2301 646 2366 istius
666 2301 833 2380 scientire'3
856 2301 934 2389 quia
948 2323 995 2383 ea,
1012 2324 1085 2389 quse
1100 2308 1180 2368 sunt
1193 2303 1236 2368 ad
1250 2304 1360 2385 finem,

310 2423 378 2468 non
411 2402 534 2467 habent
566 2402 745 2468 utilitatem
780 2425 873 2468 suam
903 2404 967 2469 nisi
989 2427 1010 2470 a
1031 2404 1105 2470 fine.
1151 2404 1193 2469 In
1215 2427 1249 2471 so
1272 2407 1361 2471 enim

308 2526 395 2570 vana
424 2509 504 2569 sunt
526 2509 561 2570 et
591 2503 734 2570 inutilia
783 2505 947 2585 Quoniam
969 2505 1081 2594 igitur,
1104 2511 1144 2572 ut
1165 2506 1361 2574 Aristoteles

308 2607 403 2672 docet
424 2604 564 2672 secundo
598 2605 842 2693 Physicorum,2
864 2608 940 2673 finis
969 2608 1112 2695 imponit
1134 2611 1360 2676 necessitatem

308 2707 423 2774 ineis
456 2728 530 2793 quar
560 2713 639 2774 sunt
661 2708 705 2774 ad
726 2709 847 2789 finem;
881 2731 960 2774 nam
981 2709 1111 2776 utilitas
1132 2732 1245 2777 eorum
1268 2718 1318 2778 est
1339 2736 1360 2779 a

308 2811 382 2890 fine,
398 2831 458 2875 nec
472 2814 581 2896 potest
595 2810 724 2876 utilitas
746 2810 882 2875 aliarum
906 2811 1116 2876 scientiarum
1131 2813 1282 2898 cognosci
1296 2814 1360 2878 nisi

308 2933 366 2998 per
395 2910 620 2991 hanc;-ideo
643 2911 701 2997 qui
731 2911 817 2976 hanc
839 2912 971 2998 ignorat
1000 2911 1105 2977 nescit
1127 2933 1229 2996 quare
1251 2914 1359 2978 addis·

307 3013 354 3078 cit
387 3012 476 3078 alias
537 3011 584 3078 Et
618 3013 691 3078 dico
725 3035 826 3099 quaro
858 3012 1037 3078 secundum
1070 3012 1254 3090 veritatem,
1293 3036 1360 3080 non

307 3114 485 3181 secundum
519 3115 774 3181 aestimationem
810 3114 1005 3201 cujuslibet;
1039 3113 1118 3200 quia
1148 3114 1212 3179 nisi
1234 3113 1359 3182 bonum

309 3217 429 3282 animae
450 3215 684 3295 consideretur,
714 3216 751 3280 in
784 3216 934 3302 quolibet
963 3237 1059 3303 opere
1086 3219 1121 3282 et
1151 3216 1188 3281 in
1210 3216 1359 3304 qualibet

308 3316 529 3404 occupatione,
553 3323 593 3383 ut
624 3317 736 3382 omnia
767 3317 851 3384 fiant
882 3323 917 3384 et
949 3318 1195 3385 considerentur
1224 3326 1359 3407 propter

306 3419 390 3485 illud
412 3419 545 3501 bonum,
573 3419 686 3485 omnia
707 3425 786 3485 sunt
807 3441 897 3486 cassa
919 3427 954 3487 et
975 3442 1071 3499 vana,
1094 3425 1129 3487 et
1151 3421 1236 3486 nihil
1258 3429 1357 3501 sunt3

307 3521 393 3588 sicut
414 3541 483 3586 non
504 3519 611 3586 solum
633 3521 715 3587 fides
737 3527 852 3586 nostra
871 3522 974 3602 docet,
1001 3523 1058 3587 sed
1081 3523 1232 3588 doctrina
1254 3524 1359 3610 philo·

306 3623 482 3709 sophorum
504 3643 578 3708 quae
600 3622 637 3686 in
660 3623 776 3688 morali
798 3623 1004 3709 philosophia
1026 3624 1176 3688 traditur.
1222 3623 1269 3689 Et
1282 3625 1358 3691 ideo

307 3723 456 3811 sequitur
478 3724 566 3809 quod
588 3728 722 3810 propter
752 3725 974 3812 ignorantiam
997 3725 1092 3789 istius
1114 3725 1260 3790 scientias
1290 3746 1358 3790 non
1434 3767 1438 3774 -

305 3831 415 3913 potest
438 3826 558 3892 veritas
580 3827 719 3891 aliarum
741 3831 873 3912 patere;
908 3848 985 3890 nam
1007 3825 1093 3890 nihil
1115 3831 1194 3890 sunt
1216 3826 1286 3891 sine
1309 3849 1357 3907 ea,

305 3928 390 3994 sicut
411 3931 484 3992 tota
505 3927 668 4012 sapientia
690 3927 903 4014 philosophiae
924 3926 1010 3992 nihil
1032 3931 1083 3993 est
1104 3927 1174 3992 sine
1197 3927 1358 4013 sapientia

305 4029 383 4094 fidei
407 4027 613 4095 Christianae.

327 4128 439 4194 ¹Nam
462 4129 547 4195 sicut
577 4151 637 4194 nos
671 4131 830 4196 oredimus
860 4131 948 4216 quod
979 4129 1085 4195 omnis
1115 4130 1277 4216 sapientia
1306 4131 1356 4197 in·
1370 4131 1481 4186 Theba-

304 4229 397 4297 utilis
426 4236 476 4296 est
505 4231 570 4296 nisi
600 4232 766 4318 regulctur
789 4254 847 4319 por
883 4232 982 4298 fidem
1011 4231 1231 4314 christinae
1261 4233 1358 4300 ahter
1369 4199 1505 4319 ww

307 4338 444 4419 apparet
473 4332 544 4418 ejus
578 4334 716 4414 utilitas,
753 4335 800 4400 sic
822 4335 1072 4442 aestimaverunt
1100 4335 1285 4422 philosophi
1315 4332 1516 4452 domme(

342 4632 554 4701 'philosophaster
570 4635 689 4702 mum]
708 4635 841 4770 philosop
885 4639 895 4667 ¹
912 4636 1082 4704 Phyrr'corsm]
1101 4651 1154 4703 cap.
1166 4637 1202 4690 iil.

308 4713 414 4778 phanes
426 4728 531 4781 magno·
546 4714 658 4777 umes,
667 4713 698 4766 T.
