3586 5640
450 781 513 848 196
818 793 948 845 aonam
971 790 1122 844 sacoma
1412 777 1504 865 [cas.

281 984 420 1036 enatuere·
449 976 501 1038 est
544 992 695 1037 mensura
740 969 911 1049 durandi3
947 988 1024 1054 ergo
1076 987 1185 1032 aevum
1232 967 1297 1033 erit
1341 966 1507 1033 terminus

277 1050 607 1184 'fffflffittemporis
637 1073 665 1138 si
696 1077 746 1139 est
776 1070 987 1146 indivisibile,
1018 1074 1053 1135 et
1083 1068 1132 1135 ita
1161 1068 1227 1135 erit
1256 1068 1393 1136 instans

280 1183 438 1250 osquantity.
497 1177 542 1241 Et
557 1175 600 1242 ad
622 1176 683 1242 hoo
705 1174 887 1250 dioendum,
906 1170 994 1258 quod
1008 1192 1117 1238 aevum
1138 1176 1188 1236 est
1210 1171 1247 1236 in
1263 1171 1507 1258 prediaamento

451 1278 651 1365 quantitatis
665 1278 751 1343 sicut
766 1275 894 1362 speeies,
910 1279 944 1340 et
959 1295 1026 1338 non
1041 1272 1127 1339 siout
1141 1273 1339 1360 principium
1353 1274 1507 1340 indivisi-

450 1380 536 1446 bile}
560 1379 735 1446 Undenas
750 1383 801 1444 est
816 1377 987 1463 quantitas
1002 1374 1186 1455 divisibilis,
1202 1397 1262 1441 neo
1277 1382 1328 1442 est
1344 1377 1507 1443 terminus

451 1481 659 1570 quantitatis,
686 1481 743 1547 sed
773 1484 824 1546 ast
852 1500 940 1544 nova
969 1477 1099 1564 species,
1122 1477 1208 1543 siout
1237 1479 1425 1545 substantia
1454 1480 1507 1545 in·

452 1607 605 1673 corporea
642 1589 694 1650 est
726 1583 848 1671 species
886 1579 1092 1660 substantiae,
1123 1585 1158 1645 et
1195 1601 1263 1646 non
1300 1587 1352 1648 est
1388 1603 1506 1669 eorpus

452 1687 646 1754 substantias
683 1707 789 1771 neque
826 1682 1026 1770 principium
1071 1683 1167 1768 ejus3
1197 1687 1232 1748 at
1276 1682 1349 1749 ideo
1394 1706 1506 1750 savum

452 1795 651 1879 potestesse
681 1786 892 1867 indivisibile,
920 1785 1007 1852 siout
1027 1783 1217 1851 substantia
1245 1785 1427 1871 spiritualis
1449 1785 1506 1854 et²

451 1891 686 1970 indivisibilis3
723 1895 758 1956 et
802 1894 915 1954 tamen
953 1906 1060 1973 neque
1099 1885 1163 1954 erit
1196 1886 1369 1967 divisibile,
1398 1911 1505 1977 nequa

452 1995 613 2063 terminus
633 1998 669 2061 et
688 1991 886 2080 principium
906 1989 1044 2076 alicujus
1067 1989 1265 2076 quantitatis
1284 1989 1505 2059 indivisibilis

456 2098 552 2164 Unde
582 2096 667 2163 siout
697 2094 883 2162 substantia
912 2093 1103 2179 incorporea
1131 2113 1191 2158 neo
1221 2097 1272 2158 est
1300 2093 1504 2162 indivisibile

451 2206 492 2266 ut
517 2209 656 2279 atomus,
682 2218 788 2284 neque
811 2195 976 2263 divisibile
1006 2199 1047 2261 ut
1078 2215 1202 2281 corpus,
1226 2195 1283 2260 sed
1314 2201 1365 2262 est
1385 2203 1506 2264 natura

452 2301 604 2367 absoluta
629 2300 695 2366 alia
720 2301 763 2366 ab
790 2299 844 2379 ais,
872 2299 918 2364 sio
942 2319 1052 2364 aevum
1078 2318 1138 2363 neo
1163 2302 1214 2364 est
1238 2297 1441 2365 indivisibile
1465 2306 1506 2367 ut

452 2403 589 2478 instans,
628 2423 687 2466 neo
724 2408 775 2467 est
812 2399 977 2466 divisibile
1014 2403 1053 2464 ut
1090 2404 1228 2486 tempus,
1258 2400 1316 2466 sed
1352 2422 1507 2468 mensura

453 2504 604 2569 absoluta
627 2503 692 2568 alia
715 2502 759 2567 ab
790 2502 862 2568 illis.
921 2500 959 2566 Si
982 2505 1097 2566 eontra
1120 2501 1182 2568 hoo
1207 2500 1390 2586 objiciatur,
1417 2504 1506 2590 qnod

454 2605 591 2670 Boo'tius
615 2604 697 2670 dicit
723 2605 823 2671 tertio
844 2603 1113 2671 consolationum
1129 2602 1236 2682 libro,8
1258 2605 1345 2690 qnod
1375 2611 1506 2694 tempus

590 3431 610 3474 l.
629 3425 760 3476 Punctum.
1004 3365 1156 3514 Culmum
1178 3431 1366 3563 {Permauena
1408 3461 1410 3464 ·

589 3509 610 3553 2.
629 3504 734 3554 lustuns.

589 3589 611 3633 s.
629 3582 762 3635 Numerus.
1005 3562 1155 3615 Dinaretum.

1003 3642 1105 3694 AEvuna

1207 3511 1338 3564 Diffluaus.

910 3800 1049 3866 Quantitas.

500 4475 525 4567 ss
541 4515 696 4580 supersues.

502 4601 525 4644 3.
544 4594 663 4659 Tempus.

492 4712 549 4778 ²et]
568 4720 614 4773 eat,
632 4712 662 4762 B.
