3586 5640
328 779 444 870 trun]
726 801 813 849 oros
835 801 994 852 raarruu.
1308 786 1373 860 257

323 970 359 1036 Si
381 973 469 1038 enim
490 973 575 1039 alius
591 972 715 1041 diceret
737 976 784 1040 ibi
802 976 935 1062 prunis
949 977 985 1040 in
1000 976 1123 1053 dativo,
1140 980 1374 1062 grammaticus

321 1074 426 1140 solum
450 1076 573 1142 diceret
596 1079 682 1162 quod
707 1079 776 1164 ipse
798 1085 913 1143 contra
934 1084 1083 1144 auctores
1105 1080 1216 1164 posuit
1238 1080 1372 1168 longam

322 1198 380 1262 pro
417 1177 519 1243 brevi.
580 1179 646 1245 sed
684 1179 827 1245 musicus
865 1180 945 1244 dicit
983 1180 1070 1265 quod
1106 1186 1237 1266 tempus
1276 1183 1374 1269 hujus

321 1278 458 1363 syllabae
491 1281 599 1368 longae
630 1281 803 1368 superfluit
834 1283 870 1345 in
901 1283 1078 1347 medietate
1109 1305 1177 1363 sua,
1202 1285 1280 1369 quia
1310 1286 1375 1350 duo

320 1385 470 1468 tempora
492 1383 594 1449 habet
615 1384 715 1471 longa
736 1383 873 1469 syllaba,
896 1383 1007 1449 brevis
1029 1384 1130 1450 habet
1151 1407 1266 1451 unum.

366 1484 433 1549 Sed
455 1492 606 1566 metrum,
623 1486 711 1572 quod
725 1487 779 1552 hic
802 1487 916 1567 oritur,
939 1510 1007 1552 non
1021 1488 1160 1573 requirit
1183 1489 1249 1552 nisi
1268 1511 1373 1554 unum

320 1591 451 1673 tempus
499 1590 677 1654 secundum
715 1589 862 1654 debitam
899 1589 1143 1675 proportionem
1180 1591 1279 1656 metri
1291 1616 1299 1672 ;
1341 1598 1375 1656 et

319 1687 394 1754 ideo
417 1695 547 1776 oportet
569 1690 656 1776 quod
682 1690 811 1776 syllaba
843 1690 891 1754 ibi
922 1695 1065 1776 ponatur
1096 1691 1216 1772 brevis,
1243 1699 1277 1758 et
1307 1714 1374 1758 non

318 1790 423 1879 longa.
469 1792 554 1858 Cum
576 1794 680 1880 igitur
702 1816 799 1881 prosa
820 1793 958 1878 requirit
980 1800 1020 1858 ut
1042 1793 1159 1859 breves
1182 1794 1317 1880 syllabae
1338 1802 1374 1861 et

317 1892 424 1980 longae
450 1902 622 1962 serventur
645 1897 758 1962 debito
781 1895 879 1961 modo
902 1896 938 1959 in
962 1895 1098 1981 syllabis
1135 1897 1283 1962 omnium
1313 1899 1372 1962 tri·

316 1997 549 2080 syllabioarum
572 1996 771 2063 dictionum¹
797 2002 831 2063 et
853 1998 998 2085 plurium
1021 1997 1233 2084 syllabarum,
1264 2022 1374 2066 neces-

318 2100 404 2164 saria
425 2113 503 2167 sunt
534 2102 578 2166 ad
608 2101 829 2189 prolationem
853 2100 1033 2187 Scripturas
1065 2101 1201 2183 musica,
1236 2103 1373 2167 metrica

317 2208 352 2266 et
373 2203 569 2288 rhythmma,
594 2225 668 2289 quae
689 2202 879 2290 hujusmodi
901 2203 1127 2289 longitudines
1142 2208 1176 2269 et
1191 2203 1372 2270 brevitates

317 2305 532 2371 considerant.
577 2306 665 2371 Nam
688 2306 783 2371 docet
805 2305 1013 2392 Augustinus
1045 2306 1133 2391 quod
1164 2327 1231 2371 uon
1265 2306 1371 2372 solum

317 2412 431 2486 metra,
455 2408 513 2472 sed
535 2407 687 2494 rhythmi
710 2413 952 2494 componuntur
978 2429 1021 2472 ex
1045 2407 1185 2494 pedibus
1208 2414 1242 2472 et
1264 2408 1370 2496 longis

316 2512 351 2572 et
380 2508 544 2574 brevibus.
590 2509 675 2576 Cum
707 2531 785 2576 vero
819 2509 940 2597 regulae
962 2509 1047 2574 circa
1078 2510 1148 2575 haec
1177 2510 1245 2574 sint
1275 2511 1369 2596 quasi

314 2609 455 2675 infinitis
478 2611 584 2676 modis
606 2612 750 2689 variatae,
774 2634 960 2698 percurram
998 2612 1034 2675 in
1068 2633 1197 2676 summa
1230 2612 1271 2676 de
1305 2613 1365 2694 his,

313 2734 437 2799 ponens
459 2714 610 2800 exempla
631 2715 736 2801 magis
757 2715 895 2801 vulgata
910 2714 946 2777 in
970 2713 1089 2796 Biblia,
1113 2714 1149 2778 in
1171 2713 1292 2799 quibus
1315 2722 1365 2787 est

314 2816 419 2902 major
440 2814 629 2882 obscuritas.

357 2917 488 2984 Vocalis
520 2924 598 2984 ante
631 2918 777 2984 vocalem
807 2917 843 2981 in
874 2916 1002 2982 Latinis
1033 2915 1232 2981 dictionibus
1266 2919 1364 2983 corri-
1377 2920 1504 3000 anessa

312 3019 411 3104 pitur,
443 3024 483 3085 ut
520 3041 642 3108 caprea,
666 3019 811 3107 praemia,
837 3018 962 3096 trabea,
994 3017 1201 3095 contumelia,
1236 2989 1512 3120 contro·{¹„‘³J3⁰1‘,¹,¹,¹,}}¹

312 3121 439 3203 versia;
462 3122 539 3188 licet
554 3122 704 3208 quaedam
720 3121 936 3206 excipiantur,
953 3120 993 3184 de
1009 3120 1129 3205 quibus
1151 3141 1220 3185 non
1235 3125 1286 3185 est
1303 3123 1362 3188 vis.
1376 3125 1426 3172 mo
1437 3121 1507 3172 ’ΒΜ

311 3222 363 3287 De
379 3223 502 3290 Graecis
518 3229 553 3289 et
564 3223 726 3302 Hehraeis,
742 3224 877 3287 nomina
899 3221 1083 3287 desinentia
1101 3221 1137 3285 in
1153 3244 1199 3300 eu,
1216 3223 1365 3290 solebant
1375 3188 1493 3309 :lilim

309 3325 453 3411 produci,
476 3332 517 3391 ut
539 3326 666 3405 Medea,
691 3325 814 3403 Platea,
832 3323 956 3404 Corea3
991 3330 1026 3389 et
1047 3323 1179 3410 propria
1201 3325 1237 3389 in
1259 3324 1307 3407 to,
1324 3334 1363 3393 ut
1376 3322 1496 3390 Vulgare,

310 3428 426 3509 Maria,
462 3429 588 3507 Saruia,
620 3427 742 3493 Lucia:
800 3432 912 3493 tamen
943 3427 1190 3512 tetrasyllabica
1231 3428 1361 3495 breviat

308 3553 387 3596 usus
410 3536 530 3610 noster,
555 3536 594 3596 ut
617 3530 761 3608 Athalia,
786 3529 974 3609 Anastasia,
994 3529 1126 3595 Caecilia
1138 3553 1146 3609 ;
1169 3536 1203 3595 et
1225 3533 1360 3596 nomina

307 3634 487 3721 regionum,
511 3639 552 3698 ut
574 3632 695 3713 Media,
712 3632 819 3718 Syria,
844 3632 1003 3709 Samaria,
1027 3632 1112 3696 sicut
1136 3633 1216 3696 dicit
1239 3632 1358 3698 Prisci·

306 3759 389 3801 anus
426 3736 464 3801 in
500 3735 587 3801 libro
624 3735 912 3820 Appellativorum
958 3738 1075 3819 quarto
1116 3730 1156 3819 [o.
1173 3732 1232 3820 l.];
1277 3756 1356 3799 vero

306 3839 457 3925 quaedam
491 3839 678 3925 longantur,
712 3842 752 3902 ut
786 3836 911 3924 agonia,
946 3834 1131 3922 epiphania,
1166 3834 1356 3914 hierarchia,

306 3941 495 4029 psalmodia,
529 3940 679 4020 melodia,
704 3938 899 4024 symphonia
921 3937 958 4000 in
993 3936 1084 3999 Luca
1105 3956 1165 4021 pro
1188 3943 1356 4017 concentu,

304 4044 362 4108 sed
395 4064 453 4130 pro
476 4063 600 4130 organo
631 4042 667 4104 in
701 4040 838 4105 Daniele
861 4039 1054 4125 corripitur:
1071 4039 1159 4102 unde
1185 4037 1354 4120 Horatius,

306 4146 543 4232 “symphonia
581 4141 730 4210 discors.''
775 4142 841 4207 Sed
877 4141 1100 4227 corripiuntur
1135 4141 1293 4225 quasdam,
1315 4147 1356 4207 ut

303 4247 541 4335 gastrimargia,
565 4246 773 4333 synonymia,
796 4244 902 4326 latria,
926 4243 1148 4330 scenophegia

349 4352 479 4418 Nomen
512 4352 549 4416 in
583 4372 639 4416 eas
675 4355 710 4418 et
746 4350 783 4414 in
821 4348 877 4417 ica
903 4348 1103 4436 producitur,
1127 4353 1167 4413 ut
1194 4348 1354 4431 Andreas,

302 4454 432 4532 AEneas,
457 4453 559 4532 Elias,
585 4452 724 4540 Lysias3
747 4452 912 4539 excipitur
934 4451 1105 4517 Herodias.

689 4798 849 4866 ¹dr'clrbaam]
863 4815 912 4853 orn.
929 4800 959 4853 T.

387 4895 462 4946 ΥΟΕ.
481 4897 502 4946 Ι.
