3586 5640
447 765 512 830 294
821 772 950 824 nouam
972 770 1119 822 sacoma
1411 752 1510 839 [car.

446 953 566 1019 simum
587 953 739 1038 primum.
784 950 831 1016 Et
853 949 896 1015 ab
911 948 1146 1015 Incamatione
1166 946 1327 1032 usquead
1349 949 1511 1033 tempora

448 1055 668 1135 Constantini,
702 1054 765 1120 sub
802 1074 869 1139 quo
905 1053 972 1117 fuit
1008 1050 1155 1138 synodus
1177 1048 1323 1127 Nioaena,
1360 1048 1509 1115 fuenmt

445 1158 587 1224 trecenti
608 1157 751 1244 triginta
784 1157 851 1221 duo
882 1156 963 1221 anni
993 1154 1173 1221 seeundum
1205 1151 1353 1232 Bedam3
1389 1157 1428 1218 et
1458 1153 1509 1220 ab

446 1261 507 1326 hoo
529 1265 678 1347 tempore
709 1280 813 1346 usque
847 1259 891 1324 ad
914 1258 1120 1324 Marcianum
1152 1256 1334 1344 prinoipem
1362 1254 1509 1323 fuerunt

446 1367 581 1430 centum
596 1367 630 1428 et
645 1361 769 1449 viginti
791 1361 881 1442 anni,
898 1361 960 1426 sub
975 1382 1040 1447 quo
1054 1360 1121 1427 Leo
1135 1381 1225 1448 papa
1237 1358 1325 1441 fuit;
1347 1357 1406 1446 qui
1420 1363 1509 1427 sunt

446 1467 483 1531 in
498 1465 654 1531 universo
669 1463 906 1551 quadringenti
921 1464 1164 1551 quinquaginta
1179 1464 1252 1529 duo.
1287 1461 1340 1527 Ex
1355 1461 1479 1549 quibus
1492 1459 1505 1499 ¹

446 1573 540 1655 patet
560 1568 648 1654 quod
670 1567 763 1633 Beda
784 1588 852 1633 non
873 1567 939 1633 fuit
962 1588 1021 1654 per
1050 1570 1217 1632 trecentos
1237 1586 1342 1632 annos
1362 1569 1507 1652 postea3

446 1670 504 1736 sed
535 1691 595 1736 neo
616 1692 637 1736 a
659 1670 795 1757 synodo,
819 1668 886 1734 nisi
908 1691 967 1757 per
988 1669 1119 1735 aireiter
1139 1673 1304 1736 treoentos
1325 1668 1508 1756 sexaginta

447 1795 567 1839 novem
589 1794 717 1854 annos;
740 1778 774 1839 et
789 1771 864 1837 ideo
886 1793 955 1839 non
969 1771 1083 1860 potuit
1103 1770 1233 1838 lunatio
1247 1770 1392 1838 multum
1415 1791 1508 1838 raos-

447 1876 524 1942 dera
547 1899 569 1942 a
589 1876 661 1942 loeo
684 1897 765 1941 suo:
800 1896 878 1941 nam
901 1873 944 1941 ad
966 1875 1041 1962 plus
1068 1895 1128 1961 por
1158 1894 1263 1941 unum
1294 1873 1383 1940 diem
1413 1871 1507 1941 inte·

447 2000 553 2066 grum,
579 1983 616 2046 at
637 1998 697 2065 per
719 1979 846 2065 aliquid
869 1978 911 2043 de
932 1976 1084 2056 secundo,
1109 1976 1259 2063 eoquod
1284 1973 1322 2040 in
1343 1977 1507 2043 traoantis

447 2082 544 2146 annis
576 2086 611 2147 at
644 2086 789 2167 quatuor
820 2082 862 2147 fit
894 2080 1039 2146 mutatio
1072 2080 1184 2146 minus
1221 2078 1295 2146 diei.
1340 2077 1388 2144 Et
1416 2078 1504 2159 ideo,

448 2189 583 2270 propter
606 2205 719 2250 causas
740 2185 831 2271 prius
853 2183 984 2265 taetsa,⁸
997 2181 1098 2249 bene’
1120 2181 1233 2270 potuit
1259 2181 1371 2268 cyclus
1392 2181 1508 2250 obaer-

448 2286 520 2350 vari
543 2286 580 2350 in
601 2290 749 2373 tempore
772 2287 881 2364 Bedae,
904 2287 989 2352 siout
1014 2286 1052 2351 in
1077 2290 1227 2372 tempore
1249 2284 1367 2351 Leonis
1397 2306 1506 2374 papoe.

449 2386 516 2452 Sed
537 2392 651 2453 tamen
673 2381 845 2474 serupulus
867 2387 1090 2454 dubitationis
1116 2393 1252 2455 exortus
1278 2387 1344 2454 fuit
1369 2408 1392 2452 a
1417 2392 1507 2455 tem·

449 2509 530 2574 poro
553 2488 681 2570 Leonis,
705 2493 741 2554 et
762 2490 1042 2577 augmentabatur
1062 2490 1134 2558 hoeo
1161 2490 1327 2557 dubitatio
1354 2489 1391 2555 in
1418 2494 1509 2557 tem·

449 2611 527 2677 pore
564 2590 655 2656 beati
692 2590 810 2678 papae⁴
848 2590 980 2674 Hilarii,
1020 2594 1077 2679 qui
1113 2593 1270 2680 praecepit
1306 2589 1507 2660 Victorino⁶

449 2713 573 2758 novum
595 2693 723 2780 cyclum
746 2714 959 2781 componere3
992 2695 1029 2760 in
1051 2716 1125 2782 quo,
1149 2696 1229 2782 quia
1249 2716 1316 2763 non
1338 2695 1405 2760 fuit
1434 2716 1508 2763 oer-

448 2797 569 2878 titudo,
593 2796 680 2863 siout
701 2818 762 2864 neo
788 2798 826 2862 in
857 2798 1120 2878 decennovenali,
1153 2798 1363 2866 adhaeserunt
1395 2802 1507 2886 poste-

450 2900 552 2966 riores
573 2899 803 2967 consuetudini
824 2900 971 2987 antiqua
992 2905 1028 2967 et
1049 2906 1178 2968 statuto
1199 2902 1329 2968 concilii
1350 2900 1483 2972 Nioeni

285 3006 363 3059 urea
497 3003 597 3070 Petet
619 3003 788 3090 igiturex
822 3003 882 3082 his,
920 3003 1016 3089 quod,
1056 3004 1148 3071 salva
1180 3005 1272 3072 omui
1304 3006 1507 3074 auctoritate

283 3075 440 3207 {ffiffie
453 3105 597 3173 Niuanae
620 3106 749 3223 synodi,
784 3110 894 3193 potest
917 3106 1027 3222 cyclus
1048 3105 1102 3172 bio
1131 3108 1255 3225 mutari
1267 3131 1276 3187 ;
1306 3108 1386 3226 fluia
1419 3114 1507 3178 tuno

284 3208 362 3273 crele.
452 3230 542 3274 error
563 3229 631 3274 non
653 3209 739 3274 furt:
773 3214 808 3273 et
839 3213 879 3274 ut
910 3213 1075 3275 vrtaretur
1106 3232 1213 3297 majus
1245 3211 1427 3297 penculum
1458 3213 1506 3279 ad

451 3316 592 3397 tempus,
627 3311 744 3396 (donea
781 3311 915 3378 ecelesia
951 3313 1055 3399 possit
1092 3314 1345 3380 astronomicam
1382 3314 1507 3382 habere

451 3411 674 3502 potestatem,⁰
688 3436 747 3501 per
761 3436 861 3500 quam
876 3414 979 3480 solam
1002 3420 1112 3503 potest
1133 3417 1315 3483 remedium
1329 3417 1507 3508 adhiberi)

451 3516 686 3582 sustinebatur.
750 3517 839 3583 Nam
876 3517 1048 3605 primitiva
1085 3521 1219 3586 ecelesia
1254 3542 1321 3586 non
1358 3520 1508 3589 habebat

451 3642 548 3687 usum
586 3619 824 3700 astronomiae3
858 3626 893 3686 et
927 3621 1002 3687 ideo
1035 3628 1150 3709 postea
1183 3645 1286 3710 usque
1319 3645 1407 3689 nuno
1437 3623 1507 3691 fuit

450 3725 570 3790 omissa
607 3723 762 3789 eorrectio
793 3722 891 3808 hujus
924 3725 981 3805 rei,
1004 3731 1138 3812 propter
1168 3726 1300 3813 longam
1331 3731 1507 3793 eonsuetu-

450 3829 584 3909 dinem3
607 3831 641 3891 et
663 3829 797 3913 propter
819 3826 881 3890 hoo
903 3826 992 3911 quod
1014 3849 1093 3893 usus
1115 3829 1325 3895 astronomiae
1346 3849 1415 3895 non
1437 3829 1507 3896 fuit

450 3931 488 3995 in
510 3947 571 3996 usu
593 3929 815 4017 praelatorum,
839 3949 899 3994 neo
933 3929 1158 3996 multitudinis
1191 3931 1407 4009 studentium,
1442 3952 1508 3999 neo

449 4033 557 4100 adbuc
578 4037 638 4113 est,
661 4031 739 4097 liost
760 4030 863 4117 aliqui
886 4031 955 4097 sint
976 4033 1057 4099 satis
1079 4033 1224 4122 prompti
1255 4039 1290 4101 et
1320 4031 1444 4122 periti’
1466 4034 1506 4102 in

478 4372 484 4402 ¹
499 4372 599 4438 quibus]
622 4390 680 4439 quo,
692 4377 722 4426 B.
736 4376 768 4428 Τ.
1035 4379 1045 4408 ³
1063 4378 1202 4446 Victorino]
1223 4377 1348 4439 victorio,
1362 4379 1393 4428 B.

475 4453 589 4596 ῑὲἷξὲῗ]
610 4463 633 4503 ll
722 4456 752 4505 B·
1033 4460 1233 4511 “astronomicum
1250 4460 1337 4511 babere
1344 4462 1501 4529 potestatem]

475 4610 580 4676 ‘paral

634 4463 702 4505 actas

586 4547 636 4584 on.
648 4533 685 4585 T.
703 4493 710 4516 '
797 4537 799 4541 ’
919 4541 921 4544 ’
1000 4537 1093 4588 habere
1104 4540 1299 4590 astronomioam
1315 4539 1459 4602 veritatem,
1471 4534 1505 4594 Τ.

600 4626 615 4660 o
641 4612 691 4662 .·T.
1030 4617 1039 4646 ²
1048 4620 1139 4685 periti]
1159 4620 1248 4684 parati,
1260 4619 1292 4670 r.
