3586 5640
718 790 804 847 orus
826 790 945 841 maus.
1291 770 1356 840 327

303 965 345 1037 de
367 969 485 1031 caetero
508 963 613 1030 scribi
660 965 766 1030 Immo
789 964 957 1049 exemplar
979 965 1067 1048 apud
1090 963 1208 1027 fratres
1228 960 1520 1076 putreg.flislSumma

304 1068 350 1133 cit
386 1071 421 1132 et
453 1066 544 1151 jacet
589 1067 751 1138 intactum
789 1072 823 1130 et
867 1066 1013 1130 invisum
1050 1065 1100 1129 his
1143 1065 1353 1150 temporibus.
1363 1043 1413 1092 ¹¹⁹⁸
1422 1031 1500 1080 ‘m

306 1168 443 1235 Certum
466 1169 567 1232 etiam
590 1168 750 1252 estquod
773 1189 886 1232 omnes
900 1167 973 1231 illas
995 1167 1147 1233 scientias
1170 1165 1212 1231 de
1235 1167 1356 1251 quibus

305 1270 410 1336 scribo
448 1269 626 1355 ignoravit,
661 1269 732 1334 sine
771 1270 890 1354 quibus
937 1268 1021 1334 nihil
1058 1273 1167 1353 potest
1205 1269 1278 1333 sciri
1316 1268 1357 1332 de

306 1372 452 1437 scientiis
478 1370 631 1456 vulgatis.
678 1371 724 1436 Et
749 1371 837 1455 quod
860 1371 934 1435 illos
964 1371 1131 1456 ignoravit
1154 1374 1254 1455 patet,
1280 1369 1357 1454 quia

307 1474 375 1559 [in]
399 1475 473 1538 tots
488 1471 626 1536 Summa
647 1470 679 1536 ei
701 1473 845 1557 ascripta
866 1472 960 1536 nulla
981 1472 1131 1536 continet
1154 1471 1195 1535 de
1218 1471 1359 1536 veritate

307 1575 425 1640 harum
447 1573 664 1638 scientiarum
704 1574 750 1638 Et
772 1574 894 1638 iterum
917 1573 987 1652 hoc,
1004 1574 1082 1658 quia
1104 1573 1251 1639 studium
1267 1573 1358 1638 Pari-

308 1677 413 1742 siense
435 1675 541 1742 adhuc
563 1697 630 1739 non
652 1675 770 1742 habuit
794 1697 892 1740 usum
924 1675 1064 1742 istarum
1087 1675 1232 1760 quinque
1255 1675 1357 1740 scien·

309 1779 440 1845 tiorum.

353 1880 450 1948 Alter
472 1879 529 1964 qui
551 1878 640 1945 vivit
670 1878 811 1943 intravit
837 1879 986 1945 ordinem
1010 1879 1165 1947 Fratrum
1195 1878 1358 1964 puerulus
1368 1879 1485 1932 Another

307 2005 367 2048 nec
403 2002 551 2067 unquam
587 1980 669 2065 legit
691 1981 940 2066 philosophiam,
970 2003 1031 2047 nec
1061 1981 1192 2049 audivit
1222 1993 1295 2047 eam
1325 1949 1525 2077 iuppffipm

309 2083 434 2160 scholis,
474 2105 534 2148 nec
570 2081 636 2148 fuit
666 2082 703 2146 in
735 2083 846 2148 studio
880 2082 1017 2147 solemni
1048 2090 1227 2168 antequam
1269 2080 1524 2157 theo-Ptffllivinst

308 2187 411 2272 logus,
432 2206 492 2250 nec
518 2185 554 2248 in
582 2183 697 2249 ordine
725 2206 784 2249 suo
807 2184 918 2269 potuit
943 2185 1077 2262 edoceri,
1091 2194 1094 2201 ’
1109 2187 1187 2271 quia
1215 2186 1285 2271 ipse
1311 2146 1526 2263 estffieffii

311 2290 436 2374 primus
467 2285 624 2370 magister
647 2286 687 2349 de
709 2286 915 2371 philosophia
937 2287 1113 2352 intereos.
1160 2288 1206 2351 Et
1230 2286 1462 2352 edocuitfssl’1th

310 2391 413 2468 alios;
451 2387 539 2452 unde
573 2409 615 2453 ex
647 2387 758 2453 studio
788 2388 919 2473 proprio
950 2389 1051 2454 habet
1083 2390 1172 2474 quod
1203 2389 1272 2455 scit
1317 2389 1364 2456 Et

311 2513 387 2556 vere
409 2489 509 2554 lando
532 2487 702 2574 sumplus
725 2510 824 2574 quarn
838 2511 951 2555 omnes
966 2491 1006 2556 de
1029 2491 1129 2577 vulgo
1148 2491 1364 2571 studentium,

310 2592 389 2678 quia
419 2591 517 2655 homo
549 2589 808 2655 studiosissimus
845 2596 904 2669 est,
952 2597 986 2657 et
1019 2593 1106 2658 vidit
1138 2593 1279 2670 infinita
1328 2596 1364 2657 et

311 2692 428 2758 habuit
450 2711 630 2777 expensum
642 2715 650 2770 ;
679 2696 713 2755 et
734 2692 808 2756 ideo
831 2693 936 2757 multa
956 2694 1068 2778 potnit
1097 2695 1247 2781 colligere
1270 2694 1368 2758 utilia

306 2795 348 2859 in
385 2792 500 2881 pelago
532 2796 704 2857 auctorum
736 2793 876 2857 infinito.
927 2793 994 2859 Sed
1032 2797 1110 2879 quia
1143 2817 1211 2860 non
1248 2795 1366 2860 habuit

311 2896 571 2971 hindamentum
589 2915 663 2959 cum
686 2915 754 2958 non
776 2894 842 2960 fuit
871 2894 1052 2960 instructus
1081 2917 1143 2961 nec
1165 2896 1365 2960 exercitatus

311 2997 484 3073 audiendo,
517 2996 665 3082 legendo,
700 2996 909 3081 disputando,
943 2997 1016 3061 ideo
1048 3018 1176 3062 neeesse
1209 3002 1260 3061 est
1291 3017 1366 3060 eum

311 3101 463 3186 ignorare
496 3097 649 3162 scientias
681 3097 841 3182 vulgatas.
888 3096 1016 3161 Deinde
1055 3120 1129 3161 cum
1151 3099 1284 3183 ignoret
1305 3097 1367 3160 lin·

313 3221 394 3288 guas
416 3219 484 3264 non
506 3202 558 3263 cst
579 3197 733 3283 possibile
765 3198 855 3281 quod
885 3197 1012 3282 aliquid
1042 3199 1124 3264 sciat
1146 3199 1367 3286 magnificum,

313 3307 447 3389 propter
468 3299 613 3365 rationes
647 3320 729 3384 quas
760 3298 873 3376 scribo,
898 3301 939 3364 de
961 3299 1150 3388 linguarum
1172 3303 1367 3389 cognitione.

317 3405 452 3482 Iterum,
476 3422 551 3466 oum
573 3402 705 3486 ignoret
729 3402 976 3486 perspectivam,
1001 3403 1078 3487 quia
1100 3426 1175 3469 vere
1201 3405 1286 3469 nihil
1307 3405 1369 3469 scit

315 3505 358 3570 de
380 3526 427 3583 aa,
451 3502 536 3567 siout
559 3523 619 3566 nec
641 3502 697 3565 alii
728 3502 768 3567 de
800 3504 899 3588 vulgo
931 3504 1144 3583 studentium,
1169 3498 1370 3592 impossibile

316 3612 366 3672 est
399 3603 488 3690 quod
520 3603 601 3670 sciat
634 3603 770 3688 aliquod
804 3604 943 3690 dignum
981 3606 1022 3670 de
1059 3607 1285 3693 philosophia;
1330 3612 1370 3672 ut

316 3711 478 3773 tractatus
517 3726 615 3790 quem
653 3726 715 3791 ego
747 3705 957 3770 manifestavi
989 3705 1031 3772 de
1064 3709 1208 3772 scientiis
1245 3709 1374 3793 experi-
1435 3709 1438 3713 ’

315 3807 524 3886 mentalibus,
555 3811 589 3870 et
619 3806 801 3891 alkymicis,
826 3814 861 3872 ct
883 3808 1133 3889 mathematicis,
1165 3831 1232 3875 non
1262 3815 1371 3896 potest

317 3909 459 3998 gloriari,
483 3909 563 3994 quia
585 3907 655 3973 haec
677 3913 757 3972 sunt
781 3911 905 3996 majora
927 3911 1065 3976 crateris.
1117 3912 1163 3976 Et
1200 3912 1229 3975 si
1265 3913 1372 3977 nescit

317 4012 456 4091 minora,
495 4031 563 4075 non
594 4014 703 4094 potest
737 4010 818 4075 scire
854 4011 986 4096 majora.
1043 4013 1133 4077 Deus
1164 4017 1275 4077 autem
1306 4019 1373 4078 tee-

318 4119 410 4178 tatur
441 4112 530 4197 quod
552 4111 656 4177 solum
681 4111 819 4197 exposui
845 4111 1068 4199 ignorantiam
1097 4114 1235 4178 istorum
1265 4115 1370 4179 homi-

319 4237 400 4279 num
429 4219 564 4301 propter
594 4214 769 4278 veritatem
806 4215 918 4279 studii.
975 4215 1063 4279 Nam
1105 4216 1226 4302 vulgus
1264 4217 1370 4282 credit

320 4317 407 4402 qnod
444 4316 555 4380 omnia
585 4316 761 4395 sciverunt,
799 4321 835 4380 et
869 4317 915 4380 eis
945 4316 1092 4383 adhaeret
1121 4319 1206 4383 sicut
1236 4319 1368 4406 angelis.

320 4418 409 4483 Nam
448 4416 498 4480 illi
534 4416 720 4501 allegantur
769 4417 805 4480 in
842 4416 1121 4503 disputationibus
1154 4427 1188 4485 et
1224 4422 1372 4487 lectioni-

321 4521 383 4584 bus
405 4519 492 4583 sicut
510 4523 665 4583 auctores.
723 4518 769 4582 Et
800 4519 943 4584 maxime
980 4520 1034 4584 ille
1068 4524 1125 4605 qui
1163 4524 1250 4588 vivit
1272 4525 1373 4587 habet

322 4643 442 4687 nomen
491 4621 632 4689 doctoris
681 4621 851 4702 Patisium
901 4627 936 4686 et
982 4622 1144 4710 allegatur
1182 4626 1219 4690 in
1264 4624 1374 4689 studio
