3586 5640
316 749 401 840 uu]
702 768 791 818 orus
812 768 973 819 anamma
1301 753 1366 819 209

353 941 542 1008 Secundum
583 942 672 1029 quod
702 943 973 1009 considerandum
1012 947 1063 1009 est
1092 945 1134 1009 de
1162 945 1365 1032 temporibus
1378 946 1489 1030 'stete

310 1051 361 1111 est
403 1046 600 1132 principium
642 1047 730 1122 anni,
764 1051 800 1112 et
836 1068 895 1132 per
932 1068 1131 1133 consequens
1165 1048 1362 1134 principium
1376 1018 1527 1150 wapro(

307 1149 442 1225 mundi;
464 1170 508 1212 au
538 1149 583 1213 sit
613 1149 648 1212 in
679 1148 847 1214 lunatione
871 1147 1030 1224 Octobris,
1060 1172 1105 1214 un
1135 1150 1170 1214 in
1193 1150 1363 1216 lunatione
1374 1151 1519 1215 wetha

306 1250 437 1337 apriis
486 1250 570 1316 noec
600 1256 678 1316 sunt
703 1252 827 1338 optime
850 1252 1091 1328 consideranda
1120 1259 1252 1338 propter
1278 1216 1451 1318 aru-'m

306 1352 464 1418 cultatem
502 1358 538 1418 et
567 1353 848 1439 pulchritudinem
886 1354 1161 1431 considerationis,
1193 1377 1268 1441 quse
1306 1379 1364 1442 per

306 1455 448 1520 Textum
475 1455 612 1521 Sacrum
643 1456 786 1521 maxime
816 1461 926 1543 potest
955 1457 1035 1522 fieri
1093 1457 1221 1543 Vulgus
1250 1464 1363 1524 autem

306 1560 450 1624 aestimat
476 1559 565 1645 quod
591 1560 788 1646 principium
814 1558 930 1623 muudi
956 1558 1021 1624 fuit
1048 1559 1084 1623 in
1110 1581 1195 1636 vere,
1217 1566 1252 1625 et
1274 1563 1364 1647 quod

306 1662 432 1748 primus
454 1663 575 1726 mensis
604 1661 682 1726 anni
705 1673 756 1726 est
771 1660 903 1747 Aprilis
927 1661 1013 1726 sicut
1035 1662 1156 1727 dicitur
1178 1663 1214 1727 iu
1245 1663 1363 1729 Exodo

309 1764 381 1850 [xii.
400 1763 466 1849 2.]:
502 1772 518 1798 “
543 1763 609 1828 Hic
633 1764 754 1828 mensis
780 1769 831 1827 eet
853 1763 979 1849 primus
1002 1764 1037 1828 in
1067 1765 1234 1830 mensibus
1256 1766 1363 1831 anni.''

309 1865 376 1930 Sed
399 1866 460 1930 hoc
483 1866 609 1930 dictum
636 1871 687 1930 est
716 1865 760 1930 ab
782 1865 990 1931 inchoatione
1015 1866 1173 1931 festorum
1196 1868 1363 1955 legalium,

308 1990 375 2033 non
398 1968 577 2033 secuudum
600 1969 716 2033 seriem
739 1968 924 2033 naturalem
947 1970 1112 2055 temporis,
1128 1970 1215 2036 sicut
1229 1971 1364 2056 pulchre

308 2070 390 2135 dicit
412 2070 577 2157 Josephus
600 2071 636 2135 in
651 2071 756 2157 primo
779 2071 1033 2156 Antiquitatum
1056 2067 1158 2136 libro.¹
1207 2071 1253 2137 Et
1275 2072 1364 2158 quod

307 2172 368 2238 hoc
397 2173 442 2238 sit
469 2196 584 2237 verum
614 2174 684 2239 sine
710 2173 969 2238 contradictione
995 2174 1140 2260 possibili
1171 2175 1309 2260 probavi
1329 2176 1364 2240 in

307 2275 412 2361 Opere
429 2273 547 2358 Majori
574 2297 633 2362 per
654 2282 795 2354 textum,
823 2277 882 2361 qui
904 2276 986 2341 dicit
1009 2276 1069 2341 hoc
1092 2275 1146 2341 iu8
1169 2276 1295 2354 Exodo,
1314 2279 1363 2343 vi-

306 2377 424 2442 cesimo
444 2379 545 2443 tertio
560 2378 705 2464 capitulo
722 2377 829 2464 [16.]:
856 2388 872 2413 “
884 2377 1134 2445 Solemnitatem
1157 2379 1363 2447 celebrabitis

308 2489 325 2514 “
348 2481 384 2544 in
407 2480 502 2545 exitu
526 2481 604 2545 anui
623 2480 650 2559 ;''
666 2487 701 2546 et
723 2481 759 2545 in
782 2481 906 2560 eodem,
928 2480 1093 2547 tricesimo
1112 2488 1231 2568 quarto
1249 2484 1360 2570 [22.]:

306 2590 324 2620 “
350 2582 395 2648 Et
440 2582 681 2648 solemnitatem
719 2583 859 2668 quando,
897 2583 1054 2650 redeunte
1093 2586 1172 2649 anni
1205 2590 1361 2672 tempore,

307 2694 325 2722 ‘⁶
348 2690 466 2751 cuncta
496 2684 711 2753 conduntur.”
756 2685 801 2750 Et
823 2685 884 2751 hoc
915 2692 1008 2772 patet
1035 2708 1094 2773 per
1127 2694 1289 2774 praecepta
1321 2691 1362 2754 de

297 2784 468 2853 'metendis
498 2794 533 2852 et
562 2787 762 2852 seminandis
792 2788 886 2873 agria
945 2787 1032 2852 Nam
1055 2789 1083 2852 si
1113 2795 1229 2854 sextus
1255 2812 1361 2856 annus

306 2890 422 2956 finitur
436 2891 479 2956 ad
494 2891 651 2977 Aprilem,
669 2894 748 2955 tuuc
763 2889 888 2955 fructus
903 2911 969 2954 non
984 2890 1186 2974 colligentur,
1203 2891 1261 2955 sed
1277 2895 1360 2977 peri-

305 2992 398 3069 bunt,
423 2994 501 3079 quia
524 2993 683 3080 septimus
705 3014 812 3058 annus
834 2996 885 3056 est
907 2990 1172 3077 ferulamque
1195 3013 1262 3056 non
1286 2993 1361 3059 licet

306 3101 438 3162 metere.
486 3095 572 3161 Item
605 3101 685 3161 tunc
717 3100 853 3160 octavus
879 3115 984 3158 annus
1014 3093 1148 3178 incipiet
1178 3094 1221 3158 ab
1243 3095 1360 3180 Aprili,

306 3204 340 3264 et
362 3197 446 3263 nihil
476 3203 621 3263 metetur
651 3199 686 3262 in
709 3218 755 3273 eo,
786 3196 862 3281 quia
893 3195 977 3260 nihil
1007 3195 1073 3260 fuit
1098 3197 1295 3262 seminatum
1326 3199 1362 3262 in

305 3301 446 3386 septimo
477 3322 572 3365 anno.
634 3298 701 3364 Sed
738 3298 848 3363 nullus
886 3319 992 3363 eunus
1029 3303 1119 3364 caret
1157 3321 1259 3366 messe
1297 3301 1362 3367 nisi

305 3404 471 3489 septimus,
497 3403 575 3488 quia
597 3402 685 3468 solus
711 3401 834 3466 ferialis
856 3406 914 3467 est.

350 3506 416 3570 Sed
446 3506 473 3569 si
504 3505 547 3570 ab
571 3503 707 3570 Octobri
738 3504 914 3591 incipiatur
944 3527 1058 3585 annus,
1090 3505 1218 3570 nullum
1249 3505 1360 3571 incon·

305 3609 440 3673 veniens
470 3613 584 3672 contra
613 3612 776 3693 praecepta
814 3606 990 3671 iuvenitur.
1059 3606 1147 3671 Item
1176 3613 1269 3692 patet
1300 3609 1361 3673 hoc

305 3732 363 3796 per
385 3709 581 3796 principium
598 3707 768 3774 Nehemiae
797 3709 878 3773 satis
900 3708 1081 3773 manifeste.
1129 3707 1175 3772 Et
1197 3708 1258 3772 hoc
1281 3709 1361 3773 dicit

307 3811 532 3896 Hieronymus
555 3812 591 3876 iu
615 3810 766 3897 Epistola
780 3811 820 3875 de
838 3809 957 3889 Fastis,
982 3815 1016 3874 et
1039 3809 1144 3895 primo
1168 3807 1361 3874 Ezechielis³

305 3913 380 3980 vult
409 3913 493 3978 illud
523 3913 617 3980 idem.
673 3912 761 3977 Nam
791 3912 839 3976 ibi
869 3911 950 3976 dicit
980 3909 1069 3996 quod
1099 3909 1279 3976 Januarius
1309 3915 1360 3975 est

305 4023 443 4103 quartus
468 4016 599 4097 mensis,
623 4037 700 4102 ergo
718 4013 916 4081 Novembris
932 4019 983 4079 eat
1009 4012 1178 4079 secundus.
1225 4013 1270 4077 Et
1292 4033 1360 4077 non

305 4126 356 4186 cst
379 4120 526 4196 dubium,
549 4120 631 4206 quin
653 4119 831 4185 seeundum
854 4116 1001 4181 ordinem
1024 4121 1209 4202 temporum
1225 4120 1360 4181 natura·

305 4223 379 4303 lem,
403 4222 600 4309 principium
630 4222 710 4287 anni
740 4226 790 4286 est
820 4220 856 4283 in
885 4218 1054 4284 lunatione
1085 4216 1244 4284 Octobris
1314 4218 1360 4284 Et

305 4324 387 4391 hoc⁴
410 4326 589 4391 astronomi
606 4324 789 4404 orientales,
812 4320 972 4408 AEgyptii,
996 4325 1030 4386 et
1053 4319 1169 4403 Greci,
1191 4327 1226 4387 et
1242 4320 1358 4402 Persoe,

340 4601 346 4630 ¹
359 4600 433 4666 libro]
450 4606 504 4652 1.3.
515 4601 530 4668 ς
543 4606 566 4651 ³.
890 4600 900 4630 ⁸
911 4596 1061 4666 Ezeclieli'e]
1074 4598 1091 4652 i.
1103 4604 1126 4652 3.

341 4679 406 4729 ’loc
418 4680 457 4746 in]
472 4680 500 4730 in
517 4680 573 4741 hoo,
584 4679 615 4730 T.
890 4679 900 4709 ⁴
911 4677 969 4745 loc]
987 4693 1036 4729 om.
1049 4678 1080 4729 Τ.

396 4776 469 4831 Vola·
495 4776 516 4830 1.
1200 4770 1227 4823 O
