3586 5640
306 775 344 863 1.]
641 787 873 838 conraunmu
895 787 1020 839 eroon.
1291 775 1354 840 401

305 984 380 1028 cum
403 963 522 1030 effectu
545 963 658 1030 debito
680 968 715 1030 et
737 963 905 1049 condigno.
967 961 1065 1027 Certe
1088 962 1116 1026 si
1139 961 1238 1028 fidem
1259 961 1358 1028 istius

303 1067 505 1143 soommenti,
530 1072 564 1132 et
580 1067 807 1146 reverentiam,
823 1071 857 1131 et
880 1065 1087 1130 devotionem
1113 1065 1273 1130 haberent
1297 1064 1356 1130 ho·

304 1169 409 1234 mines
438 1169 523 1234 sicut
560 1169 717 1235 deberent
747 1174 781 1234 et
811 1171 975 1248 tenentur,
1006 1188 1074 1232 non
1113 1173 1358 1252 corrumperent

304 1293 337 1336 se
375 1275 427 1336 tot
464 1271 637 1352 erroribus,
669 1276 703 1336 et
736 1270 837 1347 vitiis,
869 1273 904 1334 et
943 1269 1100 1349 malitiis;
1138 1269 1195 1334 sed
1233 1269 1357 1334 scirent

305 1396 434 1438 omnem
461 1373 656 1460 sapientiam
677 1379 712 1439 et
738 1394 867 1438 omnem
890 1373 1064 1438 veritatem
1089 1373 1294 1437 salutiferam
1321 1372 1358 1438 in

305 1475 365 1540 hac
388 1476 469 1540 vita
516 1476 561 1541 Et
584 1477 658 1541 ideo
685 1477 765 1562 quia
790 1475 844 1540 hic
879 1476 1047 1540 asininant
1070 1479 1104 1539 et
1128 1478 1207 1539 sunt
1234 1475 1359 1539 infirmi

304 1582 338 1642 et
365 1577 550 1657 imbecilles,
575 1583 610 1643 et
633 1577 802 1642 dormiunt
827 1576 925 1643 multi
949 1581 987 1642 ut
1008 1576 1160 1662 Apostoli
1187 1581 1265 1641 utar
1288 1598 1361 1641 ver-

305 1679 363 1755 bis,
388 1700 516 1743 necesse
541 1684 591 1744 est
613 1680 700 1766 quod
723 1681 760 1745 in
782 1683 856 1744 tota
878 1679 936 1743 illa
958 1678 1123 1765 sapientia
1144 1678 1230 1743 fiant
1253 1677 1358 1744 imbe-

305 1781 394 1845 cilles
424 1787 458 1846 et
487 1781 620 1859 infirmi,
648 1789 681 1848 et
712 1782 878 1847 dormiant
904 1802 1019 1846 somno
1049 1780 1174 1858 mortis,
1206 1785 1241 1845 et
1271 1781 1361 1847 ultra
1477 1856 1479 1862 ¹

305 1904 510 1948 communem
544 1885 796 1950 estimationem
829 1883 1004 1962 seminent,
1043 1883 1123 1967 quia
1151 1882 1212 1947 hoc
1242 1887 1293 1948 est
1324 1883 1360 1947 in
1471 1886 1494 1910 ”⁴

305 1986 370 2050 fine
400 1985 522 2073 gloriae,
559 1991 593 2052 et
622 1986 792 2064 bonitatis,
828 1990 863 2050 et
893 1984 1147 2070 pulchritudinis
1178 1984 1358 2070 sapientiae,

305 2092 339 2150 et
361 2086 462 2151 habet
493 2087 703 2173 probationes
725 2088 878 2152 certiores
902 2108 1002 2172 quam
1025 2107 1137 2150 omnes
1160 2086 1233 2150 alias
1256 2087 1360 2152 varie·

305 2194 398 2253 tates.
457 2189 502 2252 Et
540 2189 614 2253 ideo
646 2190 757 2253 nullus
790 2195 968 2254 excusatur
1000 2210 1021 2253 a
1058 2187 1261 2275 negligentia
1298 2187 1360 2265 hic,

306 2312 380 2355 cum
403 2298 515 2356 tamen
537 2290 604 2355 fere
634 2291 815 2378 negligunt,
839 2291 918 2377 quia
940 2312 1008 2355 non
1031 2290 1113 2355 dant
1142 2289 1360 2355 reverentiam

306 2392 472 2476 majestati
502 2397 542 2457 ut
573 2392 739 2470 deberent,
774 2415 834 2458 nec
865 2393 991 2479 gratias
1013 2397 1118 2458 tantae
1149 2393 1294 2471 veritati,
1326 2397 1362 2458 et

170 2528 175 2537 ·
306 2495 600 2562 considerationem
638 2495 766 2560 fidelem
798 2500 902 2561 tantae
939 2493 1111 2582 sapientiae
1149 2499 1184 2560 et
1215 2494 1359 2559 veritati.

307 2596 391 2660 Cum
425 2603 537 2661 tamen
570 2597 598 2662 si
630 2618 771 2664 essemus
794 2597 908 2683 quales
939 2596 1139 2676 deberemus,
1174 2617 1241 2660 non
1264 2595 1361 2661 debe·

305 2721 414 2764 remus
446 2699 537 2765 aliud
571 2705 744 2786 expectare
776 2701 811 2765 in
849 2699 910 2764 hac
941 2700 1015 2765 vita
1044 2699 1108 2764 nisi
1141 2698 1202 2764 hoc
1239 2720 1361 2763 manna

306 2801 345 2865 de
376 2802 466 2879 coelo,
502 2806 536 2867 et
569 2806 649 2869 tunc
682 2803 799 2869 statim
832 2802 1050 2887 compleretur
1081 2821 1237 2865 numerus
1269 2821 1360 2865 sanc-

305 2909 414 2969 torum
458 2905 645 2984 electorum,
688 2912 722 2971 et
760 2904 1015 2970 transferremur
1052 2903 1089 2967 in
1136 2902 1263 2977 coelum,
1303 2901 1361 2966 ubi

304 3011 429 3071 aeterna
451 3012 485 3070 et
516 3007 614 3071 beata
644 3007 770 3071 visione
803 3006 900 3071 istius
930 3003 1072 3089 corporis
1102 3003 1210 3067 divini
1240 3002 1360 3068 fruere-

305 3130 385 3172 mur.
432 3108 611 3193 Postquam
643 3109 745 3194 igitur
773 3109 827 3172 hic
849 3108 887 3170 in
920 3111 1019 3170 tanta
1050 3127 1085 3170 re
1108 3109 1143 3170 et
1165 3115 1233 3170 tam
1256 3105 1361 3170 mani·

306 3209 390 3272 festa
412 3230 517 3293 parva
539 3210 686 3284 sciamus,
710 3214 842 3294 oportet
864 3209 952 3292 quod
983 3208 1089 3272 omnis
1111 3207 1177 3271 alia
1200 3207 1362 3292 sapientia

306 3309 398 3373 utilis
421 3309 594 3394 elongetur
616 3333 636 3375 a
658 3311 752 3375 nobis
774 3311 948 3396 plusquam
972 3309 1082 3375 valeat
1105 3309 1270 3396 explicari.

352 3410 464 3475 Tertia
498 3411 714 3477 consideratio
748 3432 807 3497 per
838 3411 990 3476 effectum
1025 3411 1167 3477 sumitur
1200 3433 1242 3475 ex
1274 3431 1360 3476 com·
1374 3425 1514 3481 cumeani

306 3511 477 3597 paratione
515 3517 628 3577 nostra
658 3514 700 3577 ad
731 3518 857 3578 statum
888 3511 1167 3598 Philosophorum,
1191 3513 1248 3598 qui
1286 3534 1358 3577 cum
1372 3493 1514 3610 ffloein

306 3614 431 3679 fuerint
468 3614 539 3677 sine
576 3614 684 3699 gratia
717 3614 935 3700 gratificante,
971 3636 1044 3698 quae
1078 3614 1157 3679 facit
1193 3613 1360 3678 hominem
1373 3627 1503 3676 monaco

306 3716 443 3801 dignum
471 3714 544 3779 vita
566 3720 698 3795 aeterna,
722 3717 759 3780 in
781 3738 848 3800 qua
870 3737 928 3782 nos
951 3717 1104 3802 ponimur
1129 3716 1165 3779 in
1187 3715 1360 3801 baptismo,
1373 3693 1497 3808 {ffige

306 3824 419 3882 tamen
446 3817 516 3882 sins
540 3817 630 3882 omni
656 3817 898 3904 comparatione
925 3819 997 3882 vita
1016 3839 1128 3882 eorum
1149 3816 1213 3882 fuit
1238 3817 1361 3896 melior,
1374 3824 1467 3903 behind

306 3925 340 3983 et
363 3919 399 3983 in
423 3919 512 3983 omni
539 3919 619 3985 vitae
642 3920 822 3999 honestate,
846 3925 881 3985 et
913 3921 948 3983 in
971 3924 1162 4005 contemptu
1185 3918 1301 3983 mundi
1327 3923 1363 3983 et
1374 3891 1504 4008 ffissssn

307 4023 454 4086 omnium
477 4021 668 4087 deliciarum
692 4027 727 4088 et
752 4022 944 4088 divitiarum
968 4026 1003 4087 et
1025 4022 1187 4086 honorum
1199 4045 1208 4100 ;
1230 4024 1269 4084 ut
1290 4021 1361 4104 qui-

306 4123 389 4188 libet
411 4124 517 4210 legere
542 4128 653 4211 potest
679 4125 714 4189 in
738 4123 832 4189 libris
856 4123 1053 4201 Aristotelis,
1083 4121 1225 4199 Senecae,
1251 4121 1362 4202 Tullii,

308 4225 496 4306 Avicennas,
535 4226 707 4306 Alsarabii,
747 4225 905 4304 Platonis,
945 4225 1100 4303 Socratis,
1139 4229 1173 4289 et
1203 4224 1363 4304 aliorum;

307 4333 342 4391 et
371 4334 505 4414 propter
543 4328 604 4394 hoc
641 4328 845 4394 devenerunt
882 4329 925 4393 ad
963 4331 1088 4392 secreta
1124 4326 1294 4412 sapientiae
1330 4331 1365 4392 et

308 4429 505 4494 invenerunt
554 4453 666 4495 omnes
713 4430 877 4497 scientias
955 4428 1022 4496 Sed
1070 4449 1131 4493 nos
1181 4428 1363 4494 Christiani

307 4531 390 4593 nihil
436 4531 574 4617 dignum
615 4533 813 4612 invenimus,
838 4528 914 4598 ¹nec
960 4553 1133 4617 possumus
1178 4531 1365 4617 intelligere

309 4633 506 4718 sapientiam
544 4633 810 4721 philosophorum
822 4657 831 4714 3
864 4633 957 4720 cujus
990 4655 1088 4700 causa
1118 4638 1169 4699 est
1200 4633 1278 4718 quia
1300 4655 1366 4697 non

401 4750 475 4799 vot.
493 4751 513 4799 1.
955 4790 961 4805 .
1016 4729 1031 4753 ⁹
1173 4751 1230 4800 co
