3586 5640
446 781 510 843 120
824 791 952 844 nocam
975 791 1123 844 moerus
1407 779 1496 866 [ern

445 969 616 1036 Avicenna
647 971 709 1035 hoe
742 969 823 1035 dicit
852 970 888 1034 in
914 969 1039 1034 decimo
1072 970 1124 1036 De
1156 969 1369 1036 Animalibus
1405 969 1496 1035 etin

445 1070 552 1159 primo
575 1071 668 1137 Artis
691 1070 887 1138 Medicinae.¹

492 1173 559 1239 Sed
584 1173 612 1238 si
645 1172 693 1236 sol
723 1171 825 1238 habet
857 1174 1085 1250 excentricum,
1109 1173 1194 1239 sicut
1226 1195 1338 1240 omnes
1371 1175 1498 1239 mathe-

447 1273 560 1340 matici
593 1272 748 1351 fatentur,
776 1295 843 1339 non
873 1273 1009 1340 videtur
1039 1274 1141 1340 mihi²
1172 1275 1262 1361 quod
1295 1276 1357 1340 hoe
1388 1280 1499 1361 potest

447 1385 542 1452 stare,
566 1384 702 1460 propter
723 1375 887 1441 rationem
902 1396 1001 1462 quam
1019 1376 1155 1462 explico.
1200 1377 1245 1442 Et
1261 1376 1410 1443 elevatur
1425 1398 1500 1441 con·

449 1476 602 1543 sideratio
633 1475 702 1541 haec
732 1478 776 1542 ad
801 1477 910 1542 locum
935 1476 1088 1563 paradisi,
1112 1482 1148 1544 et
1170 1477 1305 1563 ponitur
1338 1478 1501 1545 sententia

449 1577 686 1664 theologorum,
710 1577 849 1644 fundata
872 1600 969 1669 super
993 1579 1189 1664 positionem
1214 1579 1404 1658 Avicennae,
1427 1600 1501 1664 quae

449 1679 535 1745 ratio
557 1677 660 1743 dubia
681 1688 739 1759 est,
767 1680 852 1745 siout
875 1701 971 1745 suum
987 1680 1245 1747 fundamentum.
1291 1681 1344 1746 Ex
1358 1680 1410 1746 his
1423 1679 1502 1745 locis

452 1775 561 1868 potest
591 1784 704 1845 vestra
726 1781 889 1866 sapientia
904 1781 1055 1848 invenire
1077 1782 1221 1847 virtutes
1255 1781 1446 1868 magnificas
1468 1787 1503 1846 et

453 1881 581 1961 electas,
597 1880 694 1947 valde
711 1881 879 1968 ignoratas
895 1904 915 1947 a
930 1883 1040 1969 vulgo,
1064 1887 1099 1948 et
1121 1905 1140 1948 a
1163 1883 1275 1970 paucis
1297 1881 1503 1970 sapientibus

282 1990 414 2058 Diventy
455 1989 559 2049 notas.
609 1982 764 2069 Cognitio
786 2005 865 2050 vero
880 1984 1025 2050 locorum
1048 1985 1164 2050 mundi
1188 1995 1238 2051 est
1253 1984 1372 2050 nobilis
1390 2004 1504 2049 secun·

282 2056 444 2189 Qu&
456 2085 535 2151 dum
549 2105 593 2163 se,
609 2084 666 2149 sed
688 2084 831 2151 nobilior
848 2095 983 2172 propter
997 2086 1153 2152 notitiam
1169 2108 1287 2164 rerum,
1314 2085 1393 2173 quia
1414 2085 1503 2150 locus

282 2190 395 2241 ΜΝ
456 2190 508 2253 est
529 2185 726 2272 principium
746 2189 975 2274 generationis
1023 2188 1210 2255 Secundum
1225 2189 1314 2254 enim
1332 2185 1504 2254 diversita-

283 2256 445 2374 ,ffiilizw
455 2291 524 2354 tem
545 2286 691 2352 locorum
705 2288 741 2353 in
756 2289 978 2376 complexione
1002 2289 1267 2357 diversificantur
1289 2312 1340 2356 res
1362 2289 1398 2354 in
1420 2309 1506 2354 com-

283 2384 375 2438 0f⁵⁰st
455 2389 674 2476 plexionibus,
712 2394 747 2454 et
784 2390 934 2455 homines
965 2391 1001 2455 in
1032 2391 1169 2471 artibus,
1207 2397 1242 2458 et
1279 2392 1432 2472 scientiis,
1471 2396 1507 2455 et

453 2489 584 2577 linguis,
600 2494 636 2555 et
657 2491 808 2577 negotiis,
825 2501 858 2558 et
874 2491 1030 2571 moribus,
1046 2496 1086 2556 ut
1105 2493 1257 2558 videmus
1280 2493 1409 2558 oculata
1430 2493 1505 2572 fide,

453 2593 634 2658 secundum
673 2592 900 2659 diversitatem
937 2592 1116 2678 regionum.
1163 2593 1209 2656 Et
1242 2594 1316 2657 ideo
1354 2593 1507 2660 descendi

454 2714 513 2780 per
535 2693 825 2780 multiplicationes
859 2692 1025 2757 radiorum
1057 2693 1101 2757 ad
1132 2693 1361 2758 diversitatem
1398 2714 1506 2757 rerum

455 2798 493 2865 in
515 2798 819 2886 complexionibus3
851 2803 886 2864 et
901 2797 995 2884 posui
1016 2797 1142 2863 radices
1164 2797 1206 2862 de
1228 2797 1289 2863 hoc
1311 2796 1347 2861 in
1369 2818 1505 2874 summa,
1555 2823 1560 2832 ·

457 2900 536 2987 quia
568 2921 635 2965 non
667 2900 762 2986 potui
784 2901 827 2966 ad
859 2899 988 2986 singula
1010 2898 1202 2965 descendere
1236 2899 1271 2962 in
1293 2899 1355 2964 hac
1376 2917 1508 2984 persua-

286 3018 440 3070 Hadinves-
459 3001 555 3071 sione.
602 3001 668 3066 Sed
699 2992 812 3067 tamen
842 3023 946 3069 unum
969 3001 1010 3066 de
1031 2999 1259 3065 famosioribus
1289 3004 1324 3065 et
1355 2998 1509 3064 maximis

285 3083 449 3204 ssffiffl
459 3104 616 3190 exemplis
638 3102 674 3167 in
696 3103 803 3182 rebus,
828 3114 862 3169 et
885 3104 926 3168 de
949 3100 1194 3182 difficilioribus,
1217 3100 1339 3167 seilicet
1361 3100 1509 3166 defluxu

286 3214 356 3267 ures.
458 3211 493 3272 et
515 3205 643 3270 refluxu
666 3205 774 3284 maris,
791 3203 987 3290 explicavit
1000 3202 1170 3290 assignans
1184 3224 1316 3268 causam
1334 3203 1432 3287 hujus
1451 3225 1511 3288 per

457 3305 764 3393 multiplicationem
802 3305 969 3371 radiorum
1011 3305 1099 3370 lunae
1132 3305 1308 3371 secundum
1341 3305 1444 3372 lineas
1476 3309 1512 3371 et

456 3407 602 3494 angulos,
627 3411 661 3473 et
684 3428 743 3493 per
765 3406 956 3472 reflexiones
978 3406 1155 3484 radiorum,
1178 3406 1236 3471 ubi
1256 3405 1353 3472 valde
1375 3407 1511 3494 pulchra

456 3509 576 3573 accidit
599 3508 818 3574 consideratio
841 3507 1021 3594 sapientiae,
1045 3517 1079 3573 et
1101 3509 1163 3574 toti
1186 3507 1287 3595 vulgo
1318 3509 1448 3595 ignota3
1476 3508 1512 3573 iu

457 3631 524 3697 qua
546 3611 680 3697 pulchre
703 3610 840 3696 potestis
862 3608 1007 3676 conferre
1030 3631 1104 3675 cum
1128 3611 1216 3676 omni
1240 3610 1395 3697 sapiente.

839 3906 918 3973 OAP.
936 3904 1134 3970 XXXVIII.

294 4109 429 4173 morimur
481 4091 595 4188 'Posr
616 4091 687 4155 haec
702 4091 883 4156 descendo⁴
905 4093 948 4157 ad
971 4115 1103 4160 oausam
1123 4093 1335 4171 materialem,
1351 4099 1386 4158 et
1408 4094 1451 4159 ad
1474 4118 1513 4161 ea

294 4183 391 4228 m·
463 4217 537 4287 qnae
568 4190 838 4277 consequuntur⁵
864 4193 907 4259 ad
933 4193 1033 4263 illam.
1080 4195 1127 4259 Et
1156 4216 1231 4262 oum
1253 4215 1365 4260 omnes
1387 4202 1513 4282 ponant

499 4437 589 4488 'Artis
611 4431 756 4499 Medicina]
786 4432 843 4485 Lib.
860 4432 877 4483 i.
899 4433 914 4499 §
935 4440 958 4486 2.
1043 4434 1197 4500 ⁸e2pn'caa]
1217 4448 1265 4484 om.
1282 4434 1312 4484 B.
1328 4434 1358 4485 L
1378 4434 1409 4485 Τ.
1444 4433 1513 4498 Opus

467 4515 641 4580 nuntiem.
655 4518 680 4564 8.
1011 4513 1104 4577 Maius,
1114 4528 1139 4577 p.
1151 4518 1191 4563 85.

1045 4590 1191 4657 ‘demendoJ
1211 4592 1281 4655 Opus
1296 4591 1389 4655 Maius,
1405 4607 1429 4656 p.
1445 4596 1486 4641 88.

504 4675 592 4745 ’nib'l
608 4688 656 4727 on.
671 4670 703 4725 T.
1045 4670 1254 4737 'mmeqmtad
1272 4677 1418 4736 sequuntur,
1431 4669 1462 4720 Τ.
