3586 5640
320 761 460 852 arma]
710 780 797 831 oros
820 777 980 832 ιιιιιιιιι.
1307 766 1370 831 135

318 946 387 1013 haec
404 948 557 1015 Herculis
571 951 673 1029 clava,
690 950 768 1016 licet
783 973 857 1017 cum
872 951 1019 1015 maxima
1034 948 1235 1016 difficultate.
1282 949 1370 1014 Nam

317 1055 427 1115 totum
442 1053 562 1140 vulgus
577 1053 647 1121 haec
662 1053 811 1141 ignorat3
837 1054 941 1141 aliqui
964 1059 1075 1120 tamen
1090 1053 1190 1140 periti
1205 1057 1371 1118 noverunt

318 1152 398 1234 haec,
420 1156 478 1221 sed
501 1156 600 1222 valde
621 1157 724 1244 pauci

760 1313 838 1382 err.
864 1313 931 1380 XL.

362 1447 496 1516 Posms
533 1450 627 1518 texui
665 1474 846 1518 sermonem
885 1453 925 1517 de
962 1451 1160 1538 figuratione
1198 1470 1366 1539 corporum
1381 1468 1519 1551 mesphe·

317 1552 455 1635 mundi;
491 1558 525 1619 et
562 1576 724 1642 nusquam
758 1555 796 1620 in
834 1553 1053 1619 Naturalibus
1088 1554 1276 1620 Aristotelis
1317 1536 1441 1654 est¹¹⁰⁸¹
1452 1555 1513 1590 ⁰⁰¹¹·

316 1654 420 1740 major
450 1656 631 1735 difficultas,
662 1680 722 1724 nec
751 1657 959 1744 pulchritudo
982 1656 1163 1721 veritatum
1194 1679 1275 1743 pure
1306 1657 1367 1722 sci·
1379 1604 1515 1723 illidalron
1469 1689 1518 1723 ven

316 1678 499 1840 entialium,
524 1781 584 1826 noc
610 1760 846 1839 delectabilior,
862 1758 1053 1825 hominibus
1078 1759 1258 1824 scientibus
1283 1738 1536 1868 benessfffiffuf

315 1861 536 1945 geometriam.
598 1862 644 1927 Et
680 1863 709 1927 si
746 1868 878 1948 tempus
915 1884 983 1929 non
1020 1861 1182 1927 habuerit'
1159 1867 1203 1926 trs
1242 1862 1366 1926 exami—
1378 1873 1526 1937 asopposec

314 1962 417 2027 nandi
437 1963 497 2028 has
517 1962 736 2044 difficultates,
752 1964 922 2030 Johannes
942 1969 1059 2051 potens
1080 1968 1131 2029 est
1151 1963 1187 2027 in
1204 1963 1257 2028 his
1277 1945 1412 2048 plus-‘⁰’

315 2085 414 2149 quam
444 2087 556 2131 omnes
587 2066 644 2151 qui
675 2071 754 2132 sunt
777 2066 930 2146 Parisios,
956 2071 991 2131 et
1020 2065 1117 2131 faciet
1146 2065 1258 2130 omnia
1287 2070 1366 2130 ante

314 2165 424 2231 oculos
450 2172 588 2247 vestros,
615 2174 649 2234 ει
674 2189 809 2254 corpora
838 2168 924 2232 sicut
953 2167 1082 2254 figuras.
1137 2167 1183 2232 Et
1208 2166 1262 2233 hic
1276 2173 1366 2252 ,sunt

312 2269 380 2333 tria
417 2270 562 2355 capitula
599 2270 802 2358 principalia
857 2269 946 2334 Nam
983 2271 1091 2356 primo
1121 2269 1257 2336 docetur
1286 2292 1365 2335 vera

313 2370 467 2456 figuratio
496 2393 555 2457 ρει
583 2394 678 2438 veras
709 2379 743 2438 ει
773 2371 925 2460 pulchras
957 2371 1261 2450 demonstrationes,
1292 2377 1363 2436 tam

313 2472 353 2536 de
380 2474 462 2538 coelo
488 2496 587 2559 quam
614 2477 655 2540 dc
686 2474 856 2541 elementis
886 2479 1035 2561 quatuor.
1082 2473 1230 2539 Secrmdo
1261 2474 1362 2561 assig-

313 2578 412 2640 natur
442 2597 600 2661 magnum
630 2576 780 2642 mirabile
818 2577 854 2641 in
892 2581 1020 2658 natura,
1052 2580 1087 2642 et
1116 2577 1274 2663 probatur
1304 2598 1363 2662 ρει

312 2676 635 2759 demonstrationem,
653 2681 742 2765 quod
752 2701 819 2758 vas,
835 2680 890 2745 vel
909 2677 1056 2766 cyphus,1
1073 2679 1126 2744 vel
1144 2679 1236 2744 alind
1255 2684 1363 2766 potest

311 2777 385 2864 plus
408 2781 576 2847 continere
599 2782 640 2847 de
661 2782 787 2867 liquore
813 2782 849 2845 in
874 2781 1021 2847 inferiori
1043 2781 1113 2846 loco
1136 2803 1236 2867 quam
1250 2781 1287 2844 in
1309 2804 1362 2846 su-

311 2881 439 2967 periori,
465 2883 559 2949 nulla
584 2883 651 2948 alia
677 2885 860 2948 mutatione
886 2883 983 2948 facta.
1030 2882 1143 2947 Tertio
1169 2883 1363 2969 reprobatur

310 2983 437 3050 falsitas
457 2986 693 3072 figurationum
712 2986 831 3070 quibus
850 2983 1036 3071 philosophi
1056 2989 1135 3049 ante
1149 2984 1361 3049 Aristotelem

310 3085 361 3150 usi
391 3093 478 3153 sunt
534 3087 580 3161 Et
609 3088 761 3174 quamvis
789 3110 848 3174 per
876 3087 1020 3174 primum
1049 3085 1210 3151 habeatur
1238 3086 1362 3151 veritus

309 3187 526 3274 figurationis,
558 3196 670 3255 tamen
700 3190 838 3256 tertium
868 3190 968 3254 habet
998 3187 1196 3274 pulchriores
1228 3193 1262 3254 et
1292 3211 1360 3253 ma-

304 3289 395 3375 jores
418 3291 635 3358 difficultates.
682 3294 727 3357 Et
749 3291 891 3378 aliqua'
882 3314 919 3356 m
941 3313 1068 3356 summa
1090 3291 1144 3356 hio
1166 3291 1318 3357 recitabo.

355 3392 503 3479 Exposui
548 3395 652 3482 igitur
694 3417 759 3481 quo
800 3396 897 3460 modo
942 3393 1127 3481 philosophi
1172 3394 1361 3481 figurabant
1373 3406 1415 3458 the
1426 3407 1487 3459 Pla

311 3495 456 3583 quinque
494 3517 630 3583 corpora
666 3498 791 3578 mundi,
830 3497 953 3563 scilicet
990 3497 1109 3563 coelum
1147 3504 1182 3563 et
1219 3503 1361 3584 quatuor
1371 3472 1510 3600 „13⁶ss

309 3598 480 3675 elementa,
511 3621 571 3686 ρει
608 3601 753 3686 quinque
786 3600 908 3686 figuras
945 3600 1135 3685 corporales,
1166 3601 1207 3665 de
1241 3600 1360 3684 quibus

308 3700 593 3766 determinatur
583 3724 619 3767 m
661 3702 760 3768 tertio
798 3703 881 3768 libro
918 3701 1164 3768 Elementorum
1204 3702 1357 3769 Euclidis.

308 3799 354 3866 Et
378 3803 456 3888 quia
481 3803 533 3870 hae
555 3810 635 3870 sunt
660 3805 775 3891 figurae
798 3805 962 3891 regulares
984 3805 1068 3883 solae,
1094 3810 1128 3870 et
1159 3805 1359 3892 pulchriores

307 3903 381 3969 aliis
420 3912 454 3970 et
491 3906 648 3983 meliores,
687 3913 821 3993 propter
866 3907 926 3972 hoc
970 3907 1133 3972 dederunt
1170 3907 1358 3993 corporibus
1468 3899 1469 3903 ¹

307 4007 423 4072 mundi
454 4008 696 4094 principalibus
743 4009 808 4073 Sed
843 4008 922 4093 quia
952 4009 988 4072 in
1019 4009 1129 4073 Tertio
1161 4009 1266 4095 Ορειε
1300 4033 1355 4075 ex-

304 4110 400 4195 posui
424 4110 481 4174 has
503 4111 624 4197 figuras
647 4111 788 4190 brevius,
814 4116 848 4176 ει
870 4110 969 4175 latins
989 4110 1024 4174 in
1039 4110 1158 4191 Primo,
1175 4111 1248 4176 ideo
1269 4134 1356 4178 nunc

305 4211 430 4277 omitto.
488 4212 534 4276 Et
563 4213 640 4300 quia
677 4213 872 4278 Aristoteles
903 4211 1001 4277 tertio
1033 4212 1118 4279 Ooeli
1150 4219 1184 4278 et
1219 4212 1355 4280 Mundi⁹

305 4313 447 4378 destruit
479 4313 563 4382 hanc
596 4315 799 4401 positionem,
828 4320 867 4380 ιιι
899 4315 935 4378 in
965 4314 1076 4380 Primo
1107 4315 1213 4402 Opere
1249 4317 1353 4404 expli·

794 4507 866 4514 ⁴*-
1064 4510 1131 4518 οι--ο
1148 4510 1260 4518 mm·-
1272 4511 1351 4518 0-.--

365 4628 429 4689 qrrod
444 4642 497 4688 vus,
520 4601 558 4679 vll
575 4625 679 4694 cyphus]
704 4628 774 4694 Opus
873 4630 883 4660 ²
904 4629 1114 4701 CoelietMandi]
1133 4648 1186 4700 cap.
1204 4640 1227 4695 4,
1246 4641 1268 4686 5.

306 4702 398 4769 Maius,
417 4719 440 4767 p.
458 4711 500 4757 94.
