3586 5640
313 760 378 848 xi]
649 780 883 834 coursunrmr
906 786 1033 840 srunrr.
1303 779 1369 848 61³

312 949 349 1016 Si
371 957 483 1019 tamen
505 961 601 1020 acuta
625 956 749 1023 dictio¹
775 962 1033 1047 monosyllabica
1069 973 1283 1053 praeponatur
1304 972 1369 1058 syl‘

312 1054 396 1121 labae
422 1062 537 1135 acutae,
569 1064 650 1124 tunc
671 1067 831 1147 gravatur
855 1071 990 1151 propter
1012 1071 1281 1154 consequentiam
1304 1075 1370 1142 dic·

312 1157 422 1238 tionis,
448 1182 505 1225 seu
537 1161 581 1225 sit
613 1167 710 1227 acuta
742 1164 949 1232 declinabilis
982 1168 1084 1234 dictio
1110 1174 1369 1258 monosyllabica

309 1282 367 1325 seu
400 1261 647 1328 indeclinabilis.
694 1266 740 1330 Et
773 1266 901 1333 faciunt
925 1269 1041 1335 Latini
1074 1274 1256 1340 secundum
1280 1279 1368 1363 quod

311 1361 522 1429 Priscianus'
552 1365 642 1443 dicit,
674 1367 710 1432 in
739 1369 825 1435 libro
863 1371 904 1437 de
939 1372 1157 1440 declinatione
1195 1377 1368 1445 duodecim

311 1465 543 1553 principalium
580 1490 736 1535 versuum
771 1471 915 1560 Virgilii,
955 1475 1020 1540 nisi
1065 1477 1263 1544 naturaliter
1307 1481 1368 1546 cir·

311 1567 545 1634 cumflectatur.
598 1570 697 1638 Unde
735 1573 772 1638 in
810 1575 930 1661 majori
960 1577 1129 1645 volumine
1167 1581 1242 1647 vult
1280 1584 1367 1668 quod

309 1692 378 1736 non
414 1672 520 1737 solum
553 1673 799 1742 indeclinabiles
837 1684 953 1759 acutae,
989 1703 1091 1766 quum
1129 1690 1368 1770 praeponuntur

308 1779 498 1862 gravantur,
531 1776 608 1842 licet
641 1777 682 1843 de
704 1799 739 1843 se
762 1787 931 1859 acuantur,
968 1784 1026 1849 sed
1048 1783 1267 1864 declinabiles,
1291 1808 1366 1873 quoe

309 1877 350 1943 de
394 1900 428 1944 se
476 1880 671 1946 naturaliter
715 1887 795 1947 sunt
839 1889 953 1950 acutoe.
1015 1885 1115 1951 Unde
1160 1886 1242 1953 dicit
1277 1891 1366 1975 quod

309 1979 372 2068 qui
398 1982 574 2048 relativum
606 1983 642 2048 in
676 1984 823 2050 oratione
855 1991 889 2052 et
919 1986 1057 2052 lectione
1087 1994 1253 2074 gravatur,
1288 1991 1366 2057 licet

308 2085 349 2150 de
380 2107 414 2151 se
448 2091 593 2164 acuatur,
619 2092 653 2150 et
673 2086 734 2151 hoc
760 2093 818 2164 est,
854 2087 883 2152 si
916 2094 1013 2154 acuta
1040 2089 1168 2175 syllaba
1201 2098 1364 2177 sequatur,

309 2192 356 2267 ut,
389 2187 453 2274 qui
483 2188 545 2253 att.
593 2187 639 2252 Et
671 2209 737 2254 non
767 2189 873 2255 solum
904 2191 1138 2276 monosyllabae
1170 2194 1366 2261 naturaliter

308 2297 413 2356 acutae
440 2297 622 2378 gravantur
646 2291 682 2356 in
708 2291 855 2358 oratione
881 2313 983 2378 quum
1007 2294 1158 2379 sequitur
1179 2301 1284 2375 acuta,
1308 2299 1365 2364 scd

308 2393 435 2459 ultima
465 2393 599 2479 syllabae
629 2392 813 2459 dictionum
843 2393 1096 2481 dissyllabarum
1127 2401 1162 2463 et
1187 2397 1364 2486 polysylla-

307 2494 425 2561 barum
463 2502 597 2583 propter
633 2495 901 2582 consequentiam
944 2497 1106 2579 dictionis,
1144 2499 1229 2566 sicut
1274 2503 1365 2589 prius

308 2597 553 2686 exemplificavi.
599 2597 646 2664 Et
678 2620 696 2664 e
731 2620 888 2666 converso
920 2600 1032 2687 gravis
1064 2600 1101 2666 in
1132 2607 1263 2669 acutam
1293 2626 1365 2671 ver·

306 2700 398 2782 titur,
423 2707 469 2780 ut,
493 2701 578 2768 sicut
601 2701 682 2782 dixi,
707 2699 852 2769 dadolena
872 2701 927 2768 mi
937 2726 952 2782 ;
975 2703 1095 2768 ultima
1117 2704 1243 2790 syllaba
1265 2705 1364 2792 hujus

306 2805 458 2872 dictionis
472 2811 631 2893 gravatur
651 2805 855 2882 naturaliter,
872 2804 930 2870 sed
948 2811 1081 2891 propter
1098 2809 1363 2892 consequentiam

306 2907 460 2975 dictionis
483 2909 652 2988 encliticae,
675 2908 813 2974 acuitur.
862 2906 908 2972 Et
930 2928 998 2971 non
1021 2906 1128 2972 solum
1152 2913 1202 2973 est
1232 2909 1293 2975 hoc
1323 2911 1364 2977 de

305 3011 473 3089 encliticis,
497 3012 554 3077 sed
576 3012 618 3077 de
640 3010 714 3074 aliis
743 3009 943 3075 dictionibus
977 3008 1201 3094 sequentibus,
1225 3032 1363 3097 quarum
1402 3087 1410 3104 ι

305 3114 413 3199 prima
435 3113 563 3198 syllaba
584 3117 752 3198 gravatur.
798 3111 890 3176 Tunc
912 3109 1032 3174 ultima
1060 3110 1186 3196 syllaba
1209 3111 1364 3179 dictionis

307 3214 521 3301 praecedentis
552 3213 681 3279 acuitur
712 3218 847 3299 propter
885 3213 1149 3298 consequentiam
1187 3213 1363 3296 dictionis;

307 3317 384 3401 quia
411 3315 625 3401 praecedentis
653 3313 807 3380 dictionis
834 3313 953 3380 ultirna
986 3320 1137 3380 mutatur
1170 3317 1206 3382 in
1235 3324 1363 3384 contra·

305 3418 391 3484 rium
428 3423 607 3497 accentum,
635 3438 673 3483 eo
711 3416 798 3503 quod
832 3417 869 3482 in
902 3439 941 3483 eo
972 3439 1040 3483 non
1071 3423 1188 3500 statur,
1220 3421 1277 3486 sed
1307 3421 1363 3488 de·

304 3521 427 3610 pendet
449 3541 556 3585 sermo
579 3525 613 3586 et
639 3519 804 3586 sententia
835 3521 878 3585 ad
909 3520 1000 3585 aliud
1032 3542 1177 3607 sequens,
1201 3527 1362 3610 tanquam

304 3625 349 3691 ad
371 3624 472 3689 finem
492 3645 588 3688 suum
611 3628 645 3689 et
664 3622 844 3689 terminum
867 3644 934 3689 suae
957 3623 1207 3710 dependentiae;
1230 3631 1263 3690 et
1285 3626 1362 3690 finis

304 3727 446 3814 imponit
491 3725 720 3792 necessitatem
765 3725 817 3790 bis
862 3746 937 3810 quae
974 3731 1053 3791 sunt
1087 3726 1129 3791 ad
1174 3725 1283 3804 finem,
1322 3733 1362 3792 ut

303 3827 520 3895 Aristoteles³
552 3827 636 3894 dicit
669 3827 810 3893 secundo
845 3827 1069 3914 Physicorum,
1105 3833 1242 3916 propter
1273 3830 1361 3914 quod

304 3931 346 3998 ob
368 3931 598 3998 necessitatem
620 3930 773 3997 dictionis
795 3930 962 4016 sequentis
991 3935 1143 3996 mutatur
1166 3930 1359 4018 praecedens,

304 4035 369 4101 nisi
392 4034 437 4100 sit
459 4031 715 4101 circumflexum.

350 4135 438 4203 Item
475 4135 587 4225 gravis
616 4141 725 4223 potest
755 4155 823 4201 esse
861 4135 897 4200 in
929 4135 1020 4200 omni
1051 4134 1188 4220 syllaba,
1220 4135 1277 4200 sed
1308 4156 1359 4203 ac·

303 4245 418 4308 centus
440 4245 555 4308 acutus
577 4261 645 4305 non
672 4243 781 4326 potest
813 4259 892 4317 esse,
926 4238 991 4303 nisi
1021 4237 1057 4302 in
1088 4235 1358 4324 antepenultima,

1056 4463 1353 4472 ..uu—*—

337 4595 344 4626 ¹
357 4594 443 4664 ιὶίεϋο]
457 4597 550 4648 Added
566 4597 594 4647 in
604 4597 648 4648 tbe
659 4597 766 4665 margin.
875 4598 1050 4670 ’Arirtoecled
1070 4601 1118 4655 See
1128 4617 1152 4667 p.
1165 4607 1222 4655 28⁹.

333 4677 345 4706 ¹
354 4672 513 4743 Pricriuaus]
527 4677 575 4730 See
583 4691 607 4742 p.
617 4682 673 4734 2³8.

392 4777 467 4828 l'OL
484 4778 509 4831 1.
1150 4783 1176 4832 K
1199 4782 1225 4832 K
