3586 5640
487 793 552 858 148
862 799 990 850 nocam
1015 797 1161 847 nacorns
1449 778 1536 865 [mr.

486 981 616 1061 tempus
646 988 678 1053 A,
709 977 743 1037 et
782 974 956 1058 postquam
995 971 1112 1034 finitur
1142 991 1162 1032 a
1192 974 1285 1054 parte
1327 973 1410 1052 post,
1453 966 1538 1030 sient

486 1101 506 1142 a
536 1083 629 1164 parte
656 1080 742 1153 ante,
770 1096 838 1139 non
869 1073 1005 1138 habebit
1035 1073 1099 1136 nisi
1130 1093 1232 1136 unum
1263 1071 1363 1135 finem
1394 1092 1414 1133 a
1444 1074 1538 1154 parte

487 1186 570 1266 post,
612 1183 647 1243 et
685 1199 788 1242 unum
819 1198 840 1239 a
870 1181 964 1261 parto
994 1179 1072 1238 ante
1087 1199 1094 1253 ;
1130 1180 1164 1238 et
1195 1172 1247 1237 hic
1283 1173 1360 1235 finis
1395 1178 1446 1235 est
1487 1171 1538 1233 in·

487 1292 589 1361 stans,
623 1283 802 1348 secundum
840 1280 927 1365 quod
965 1281 1009 1345 sit
1041 1296 1067 1345 u.
1131 1279 1219 1364 Ergo
1256 1278 1293 1342 in
1330 1292 1353 1341 A
1390 1281 1538 1362 tempore

489 1391 585 1455 finito
624 1411 682 1475 per
712 1405 733 1451 c
761 1388 889 1452 instans
919 1409 939 1450 a
972 1391 1065 1471 parte
1103 1389 1179 1471 post
1219 1383 1435 1470 complebitur
1470 1383 1539 1447 lucc

489 1489 810 1557 transubstantiatio.
881 1487 947 1552 Sed
989 1487 1024 1551 in
1064 1503 1088 1551 A
1126 1493 1273 1573 tempore
1318 1490 1368 1550 est
1413 1506 1541 1570 semper

490 1594 594 1680 panis,
626 1598 660 1656 et
690 1593 726 1654 in
757 1607 777 1653 c
803 1589 942 1653 instanti
981 1594 1032 1654 est
1062 1610 1178 1674 corpus
1210 1587 1342 1653 Christi.
1390 1589 1436 1651 Et
1466 1588 1540 1651 ideo

491 1696 590 1760 debet
617 1694 679 1758 dici
703 1691 792 1778 quod
818 1713 905 1755 nune
919 1692 1034 1776 primo,
1061 1691 1184 1756 scilicet
1214 1692 1249 1754 in
1280 1707 1310 1767 o,
1338 1695 1388 1754 est
1416 1689 1541 1774 Corpus

493 1797 625 1871 Christi,
657 1800 691 1859 et
713 1815 780 1858 non
803 1799 888 1859 ante.
935 1793 981 1858 Et
1010 1793 1088 1878 quia
1110 1814 1178 1856 non
1201 1799 1251 1858 est
1274 1792 1321 1856 ibi
1352 1792 1415 1855 nisi
1437 1813 1541 1855 unum

492 1901 620 1964 instans
642 1920 662 1961 a
684 1901 778 1983 parta
793 1902 876 1982 post,
901 1895 1023 1961 seilicet
1049 1894 1158 1981 ipsum
1183 1911 1212 1974 (¹,
1229 1895 1302 1959 ideo
1325 1916 1391 1958 non
1416 1895 1541 1959 contin-

492 2007 549 2088 get
569 2000 647 2064 dara
669 1999 803 2084 aliquod
823 1999 950 2063 instans
972 1998 1008 2061 in
1032 2019 1096 2082 qno
1118 1997 1237 2062 ultimo
1260 2002 1310 2062 est
1329 1997 1431 2084 panis.
1478 1995 1544 2061 Sed

493 2103 636 2187 aliquam
660 2106 786 2187 partem
808 2101 965 2186 temporis
988 2114 1010 2163 A
1032 2120 1204 2185 possumus
1226 2100 1410 2185 assignare3
1433 2103 1473 2162 ut
1495 2096 1544 2162 si¹

495 2203 682 2270 dividamus
708 2219 740 2280 A,
764 2224 822 2288 per
843 2202 1056 2278 intellectum,
1084 2201 1120 2264 in
1151 2201 1232 2265 duas
1262 2201 1464 2279 medietates,
1491 2201 1544 2265 vel

496 2309 531 2371 in
561 2312 628 2370 tres
650 2304 775 2380 tertias,
806 2303 859 2368 vel
889 2303 955 2367 alia
977 2302 1147 2382 divisione,
1174 2303 1351 2368 secundum
1383 2304 1545 2368 rationem

496 2406 667 2472 divisionis
691 2405 793 2491 ipsius
816 2405 966 2468 continui
990 2405 1027 2468 in
1041 2409 1152 2489 partes
1172 2405 1339 2490 quotlibet
1361 2405 1546 2490 aliquotas3

497 2509 652 2594 quoniam
691 2512 819 2592 tempus
857 2511 908 2571 cst
939 2505 1109 2591 quantitas
1139 2507 1317 2588 continua;
1355 2512 1435 2572 tunc
1473 2528 1545 2593 pos-

496 2632 604 2676 semus
618 2608 724 2674 dioere
749 2607 789 2673 de
812 2606 955 2673 secunda
968 2607 1154 2683 medietate,
1170 2607 1224 2672 vel
1240 2609 1280 2673 dc
1296 2609 1415 2673 ultima
1436 2609 1546 2688 tertia,

496 2711 578 2778 auti
604 2712 646 2776 de
676 2731 869 2797 quacunque
899 2709 965 2774 alia
994 2714 1089 2796 parta
1124 2709 1272 2796 aliquota
1302 2710 1429 2792 ultima,
1460 2711 1548 2797 quod

497 2837 585 2881 nunc
607 2813 726 2906 ultimo
741 2818 793 2878 est
822 2812 940 2899 pania3
963 2816 998 2877 et
1012 2833 1182 2898 nunquam
1205 2812 1266 2878 hoo
1290 2813 1418 2879 dicetur
1433 2814 1473 2878 de
1489 2813 1548 2878 ali·

496 2940 562 3004 quo
591 2915 741 2994 instanti,
772 2915 851 3002 qnia
880 2935 948 2979 non
986 2919 1036 2980 est
1073 2914 1138 2980 nisi
1168 2938 1271 2981 unum
1301 2938 1323 2980 a
1352 2921 1446 3003 parta
1482 2937 1550 2981 una

498 3019 656 3106 temporis
679 3020 715 3082 in
730 3038 795 3103 quo
817 3017 857 3081 fit
879 3017 1115 3083 transmutatio
1127 3041 1135 3097 ;
1158 3022 1192 3082 et
1216 3017 1253 3081 in
1277 3018 1334 3082 illo
1349 3023 1400 3084 est
1423 3018 1549 3105 Corpus

499 3122 632 3197 Christi,
661 3125 695 3185 et
719 3121 793 3184 ideo
827 3139 895 3184 non
929 3118 1031 3204 panis.
1092 3118 1157 3184 Sed
1193 3120 1229 3183 in
1252 3125 1323 3186 toto
1353 3136 1377 3185 A
1403 3125 1549 3208 tempore

497 3222 697 3310 praecedenti
728 3223 856 3285 instans
893 3226 943 3286 est
973 3221 1076 3306 panis,
1116 3227 1150 3286 et
1187 3222 1223 3285 in
1260 3222 1410 3308 qualibet
1455 3230 1549 3309 parte

498 3325 574 3408 ojus.
631 3324 675 3388 Et
702 3324 747 3386 sie
774 3323 948 3388 dicendum
973 3324 1014 3388 de
1039 3323 1112 3388 aliis
1136 3325 1295 3410 exemplis
1321 3326 1487 3413 praedictis
1516 3333 1551 3393 et

500 3428 540 3491 de
570 3430 643 3490 tota
672 3425 950 3490 transmutatione
980 3425 1184 3490 naturalium
1214 3449 1331 3493 rerum.
1393 3428 1465 3494 Nec
1501 3434 1551 3494 est

500 3528 610 3613 aliqua
635 3526 832 3606 differentia,
863 3527 929 3590 nisi
955 3527 1043 3612 quod
1073 3528 1108 3592 in
1134 3530 1341 3595 naturalibus
1371 3536 1481 3596 motus
1509 3533 1553 3596 ad

501 3630 678 3696 terminum
704 3630 746 3694 ad
778 3650 875 3714 quem
902 3629 942 3694 fit
972 3630 1008 3693 in
1037 3645 1061 3694 A
1085 3634 1240 3716 tempore,
1267 3637 1302 3696 et
1333 3634 1553 3720 corrumpitur

501 3735 536 3798 in
563 3755 601 3798 co
631 3732 793 3798 terminus
823 3753 843 3796 a
873 3753 945 3818 quo.
1007 3731 1072 3798 Sed
1102 3732 1155 3798 hio
1184 3734 1219 3797 in
1250 3739 1321 3800 toto
1352 3749 1375 3799 A
1404 3741 1552 3823 tempore

500 3841 649 3901 remanet
680 3835 783 3921 panis,
815 3833 897 3900 nec³
927 3835 1170 3921 eorrumpitnr3
1208 3836 1265 3901 scd
1295 3837 1331 3901 in
1361 3855 1381 3901 c
1412 3839 1551 3904 instanti

496 3940 567 4026 jam
607 3938 730 4003 desinit
780 3936 885 4024 panis,
922 3940 957 4002 et
995 3936 1316 4003 transubstantiatur
1351 3940 1386 4002 in
1426 3938 1553 4026 Corpus

502 4041 635 4117 Christi,
676 4046 711 4104 et
740 4061 808 4104 non
838 4044 888 4104 est
918 4039 1013 4125 panis
1051 4039 1108 4104 sed
1149 4038 1275 4125 Corpus
1317 4041 1460 4108 Domini.
1507 4041 1553 4106 Et

503 4144 576 4211 idco
617 4165 787 4227 nunquam
825 4142 936 4206 danda
973 4147 1052 4206 sunt
1090 4141 1155 4205 dno
1193 4147 1351 4229 tempora,
1390 4166 1449 4209 nec
1487 4143 1553 4210 duo

504 4245 672 4325 instantia,
705 4265 779 4330 quae
809 4242 862 4308 hic
892 4243 1071 4329 finguntur.

537 4500 591 4565 ‘sil
610 4514 657 4552 om.
676 4497 706 4550 Τ.
1071 4497 1147 4562 ⁸nec]
1167 4505 1191 4548 et
1211 4513 1269 4559 non,
1288 4501 1316 4547 B.

536 4580 612 4645 ‘Asel
632 4579 678 4639 rot.
696 4578 724 4628 Β.
