3586 5640
176 2280 182 2293 ι
285 2252 411 2318 memoria

453 775 517 838 llt
831 788 961 839 accam
984 782 1130 837 enoonrs
1414 770 1504 859 [cm.

284 953 424 1068 {gffiffl
450 961 595 1027 cundum
628 959 874 1025 tortuositatem
904 959 1008 1039 nervi,
1036 963 1070 1024 et
1092 980 1159 1024 non
1181 959 1387 1044 sequuntur¹
1413 961 1502 1048 leges

285 1085 357 1134 other
367 1085 423 1144 law,
451 1061 743 1148 multiplicationis,
776 1083 851 1147 quae
882 1061 922 1126 fit
952 1062 989 1125 in
1021 1061 1139 1126 mundi
1161 1063 1355 1147 corporibus
1402 1061 1504 1130 Unde

284 1152 424 1280 ffiggfiod
450 1165 572 1252 species
603 1165 639 1229 in
670 1163 778 1229 medio
809 1163 966 1243 animato,
990 1163 1079 1248 quod
1109 1168 1159 1229 est
1185 1163 1306 1230 humor
1338 1165 1375 1229 in
1400 1187 1504 1233 nervo

285 1283 421 1347 according
451 1267 618 1347 sensitiva,
653 1265 853 1351 derelinquit
885 1265 1047 1330 incassum
1078 1271 1214 1344 rectum,
1249 1271 1284 1332 et
1317 1267 1413 1332 vadit
1446 1290 1505 1354 per

285 1350 424 1466 ffioffiffi'
451 1368 539 1456 leges
562 1389 661 1454 supra
682 1368 1049 1447 naturam,’secundum
1071 1367 1160 1453 quod
1181 1389 1310 1434 necasse
1333 1373 1383 1435 ast
1405 1392 1505 1456 opera

285 1482 364 1532 osne
453 1472 572 1536 animae
605 1471 722 1558 perfici.
770 1469 816 1534 Et
849 1470 906 1555 qni
937 1469 998 1536 hoc
1031 1471 1145 1548 nescit,
1176 1491 1245 1537 non
1280 1475 1391 1557 potest
1423 1472 1504 1539 dare

284 1562 368 1600 ΠΜ
453 1594 566 1637 causas
598 1572 639 1637 de
673 1573 755 1652 visu,
791 1576 825 1636 et
858 1571 987 1650 auditu,
1022 1576 1057 1637 ct
1090 1570 1222 1651 olfactu,
1256 1577 1290 1638 et
1323 1579 1433 1661 gratu,
1468 1578 1503 1640 at

454 1679 554 1740 tactu.

857 1937 936 2004 Car.
960 1938 1102 2006 XXXV.

291 2118 442 2197 musplica-
501 2100 633 2166 Possm
656 2100 775 2167 texuil
797 2101 1084 2188 multiplicationes
1099 2101 1300 2168 secundum⁸
1314 2101 1444 2189 figuras,
1467 2107 1503 2168 et

288 2187 382 2237 ‘¹⁰⁰0s
455 2203 503 2269 ibi
518 2204 642 2290 majora
660 2203 876 2269 inveniuntur
897 2226 997 2291 quam
1018 2205 1055 2270 in
1070 2204 1338 2292 praecedentibus,
1353 2208 1388 2271 ot
1407 2204 1503 2292 longe

284 2305 556 2432 pamanmplma

302 2399 377 2449 Μ
500 2405 692 2490 Principalis
722 2411 835 2471 tamen
864 2406 971 2493 figura
999 2407 1036 2470 in
1065 2408 1339 2494 multiplicatione
1365 2414 1416 2476 est
1445 2409 1506 2474 du-

454 2507 551 2593 plex:
575 2529 643 2571 una
658 2512 708 2571 est
731 2512 893 2591 quantum
916 2508 960 2572 ad
982 2507 1191 2573 diffusionem
1213 2511 1505 2597 multiplicationis,

454 2613 488 2673 et
511 2607 580 2673 hacc
602 2612 652 2672 est
673 2607 820 2693 sphaera:
846 2606 943 2693 quia⁴
965 2629 1060 2672 omne
1082 2630 1184 2694 agens
1205 2610 1246 2673 fit
1267 2617 1418 2676 centrum
1438 2634 1506 2678 suae

454 2707 739 2796 multiplicationis
769 2709 915 2795 undique
945 2709 1072 2789 fiendae,
1095 2710 1274 2775 secundum
1301 2733 1412 2776 omncs
1435 2712 1505 2775 dia-

454 2818 586 2894 metros,
609 2817 649 2878 ut
671 2816 766 2899 patet
788 2812 832 2876 ad
853 2832 994 2877 sensum.
1037 2810 1104 2877 Sed
1125 2811 1239 2898 figura,
1262 2833 1336 2897 quae
1359 2813 1505 2878 maxime

454 2916 613 3003 competit
642 2913 832 2980 fortitudini
866 2912 1157 3000 multiplicationis,
1192 2917 1243 2979 est
1275 2915 1421 3000 pyramis
1454 2937 1507 2980 ro-

457 3021 573 3084 tunda.
620 3017 709 3082 Nam
740 3038 799 3103 per
832 3038 905 3081 eam
937 3015 1039 3081 solam
1070 3021 1180 3103 potest
1205 3017 1328 3103 species
1349 3017 1462 3083 venire
1485 3040 1506 3082 a

456 3127 530 3186 tota
560 3119 727 3206 superficie
758 3119 887 3206 agentis
909 3120 953 3185 ad
975 3119 1108 3206 singula
1129 3125 1254 3206 puncta
1275 3120 1442 3206 patientis,
1466 3126 1506 3186 ut

455 3223 635 3288 fortissima
668 3222 730 3287 fiat
773 3223 910 3287 virtutis
942 3222 1083 3288 diffusio.
1129 3221 1175 3286 Et
1212 3222 1270 3287 isti
1307 3222 1505 3310 multiplica-

456 3325 541 3390 tioni
563 3326 716 3412 figuratae
738 3324 852 3390 multae
874 3325 1033 3390 veritates
1055 3323 1219 3411 praeclarae
1250 3330 1328 3392 sunt
1351 3348 1504 3392 annexae:

456 3427 586 3503 scilicet,
611 3428 699 3513 qnod
721 3427 954 3513 multiplicatio
984 3449 1052 3492 non
1078 3433 1188 3514 potest
1210 3428 1281 3494 fieri
1303 3429 1340 3492 in
1362 3431 1506 3515 spatium

286 3540 428 3618 Noapoeei·
457 3552 607 3609 vacuum,
649 3536 684 3595 et
719 3529 807 3617 quod
840 3551 908 3594 non
942 3535 1052 3616 potest
1085 3531 1157 3595 fieri
1187 3531 1223 3596 in
1254 3532 1398 3617 spatium
1432 3533 1506 3596 infi-

285 3608 400 3738 lfflm,
457 3635 573 3710 nitum,
607 3637 641 3698 ct
664 3632 753 3718 quod
784 3654 851 3698 non
882 3633 943 3697 fiat
972 3633 1008 3696 in
1039 3633 1189 3712 instanti,
1213 3638 1252 3699 ut
1282 3639 1427 3720 appmet,
1451 3635 1508 3699 sed

287 3741 384 3791 infinite
456 3737 492 3801 in
514 3741 680 3821 tempore;
703 3736 824 3819 dequo
848 3739 899 3799 est
928 3735 1075 3799 maxima
1100 3736 1248 3821 quaestio,
1272 3737 1351 3820 quia
1372 3736 1508 3801 videtur

287 3822 444 3927 ffisssssm
457 3838 545 3924 quod
575 3836 773 3902 Aristoteles
795 3836 877 3901 velit
908 3835 996 3920 quod
1027 3832 1091 3901 sic⁶
1121 3837 1158 3901 in
1179 3837 1327 3916 instanti,
1351 3842 1386 3900 et
1409 3838 1508 3902 multi

288 3941 355 3995 tine.
457 3940 513 4006 alii
546 3943 702 4004 auctores.
770 3936 836 4004 Sed
869 3939 979 4003 omnia
1009 3939 1191 4002 solvuntur.
1239 3937 1286 4002 Et
1319 3936 1408 4020 quod
1438 3937 1507 4002 haec

457 4041 690 4128 multiplicatio
720 4040 801 4105 lucis
824 4040 860 4102 in
882 4039 1081 4103 medionon
1103 4039 1148 4103 eit
1170 4059 1294 4124 corpus,
1317 4036 1408 4120 cujus
1430 4059 1506 4103 con-

458 4146 597 4212 trarium
628 4143 786 4206 dixerunt
813 4139 918 4218 multi,
943 4141 1135 4205 roborantes
1167 4160 1280 4203 eorum
1311 4140 1506 4224 positionem

459 4270 515 4336 par
537 4245 762 4330 Augustinum
786 4241 951 4308 dicentem
974 4241 1062 4327 quod
1084 4240 1144 4306 lux
1166 4244 1218 4306 ast
1244 4262 1369 4327 corpus,
1393 4247 1428 4307 et
1449 4265 1507 4328 per

494 4464 653 4534 Ιωφωηιιιν]
671 4464 790 4527 sequitur,
807 4461 838 4513 B.
1041 4461 1129 4525 ⁴quia]
1148 4460 1274 4526 quoniam.
1294 4461 1324 4512 'l'-

493 4552 504 4582 ¹
514 4547 590 4613 aaut]
609 4544 679 4608 Opus
690 4542 782 4605 Maius
794 4556 817 4604 Ρ·
831 4543 870 4591 7⁰·

494 4629 600 4681 tpoem
615 4662 622 4678 ,
640 4660 647 4674 .
665 4660 671 4673 .
688 4659 694 4671 .
711 4617 853 4686 secundum]
866 4619 957 4671 Postea
1051 4615 1117 4683 ¹ait]
1136 4631 1185 4667 om.
1198 4611 1305 4669 'Mla

464 4710 533 4768 &ml
545 4705 688 4767 mdma
705 4700 735 4752 Τ·
752 4699 782 4751 1⁴⁸
