3586 5640
712 815 800 863 orts
821 814 940 862 ursus
1301 800 1366 862 385

307 995 342 1056 et
364 990 491 1056 caeteris
513 988 781 1055 concurrentibus
811 1010 886 1074 quae
908 988 1088 1075 exiguntur
1110 989 1153 1052 nd
1184 987 1368 1053 nutrimen·

308 1091 401 1159 tum¹
425 1093 550 1157 arboris
572 1098 607 1156 et
629 1093 765 1168 fructus,
781 1092 951 1177 perveniet
975 1092 1030 1156 iile
1053 1091 1204 1156 surculus
1225 1091 1269 1155 ad
1291 1113 1368 1155 suos

307 1197 476 1262 utilitates
522 1195 588 1259 Sed
617 1195 647 1258 si
676 1215 744 1258 non
774 1200 923 1258 servetur
952 1194 1037 1258 situs
1066 1193 1214 1280 portium
1245 1193 1370 1265 surculi

307 1299 486 1365 secundum
515 1304 625 1383 partes
654 1296 737 1374 omli,
770 1318 899 1362 necesse
933 1303 984 1362 est
1014 1297 1103 1383 quod
1132 1297 1280 1361 surculus
1309 1297 1365 1362 illo

307 1408 488 1475 evanescat
520 1410 579 1464 aut
609 1399 638 1463 si
667 1399 817 1464 arborem
847 1399 1008 1485 producat
1044 1400 1168 1464 sterilis
1199 1401 1272 1475 erit,
1303 1405 1364 1465 out

308 1526 427 1591 paucos
449 1503 586 1568 hebebit
600 1501 725 1567 fructus
740 1510 775 1566 et
790 1503 905 1566 malos.
953 1502 999 1566 Et
1021 1501 1069 1566 sic
1091 1510 1142 1566 est
1157 1502 1193 1566 in
1212 1502 1366 1567 omnibus

307 1607 412 1684 rebus,
436 1605 514 1670 licet
536 1604 742 1668 manifestius
764 1604 809 1668 sit
823 1605 860 1668 in
882 1604 1080 1689 quibusdum
1103 1627 1202 1690 quam
1226 1606 1261 1668 in
1284 1604 1364 1669 aliis

308 1707 373 1773 Sed
403 1730 464 1772 nos
495 1729 608 1772 sumus
634 1708 720 1793 pigri
743 1706 785 1770 ad
808 1706 1044 1792 experiendum
1076 1714 1199 1771 secreta
1224 1713 1363 1788 natm,

307 1811 408 1875 immo
430 1833 489 1875 nec
512 1811 640 1896 agimus
663 1809 780 1873 omnia.
826 1809 871 1872 Et
895 1809 968 1873 idco
990 1815 1180 1894 reputamus
1202 1810 1363 1875 maximas

307 1919 342 1978 et
375 1912 610 1999 pulcherrimas
639 1912 782 1975 virtutes
813 1932 881 1975 esse
910 1911 1126 1996 impossibilia
1155 1917 1190 1975 et
1212 1912 1360 1978 absurda

307 2015 353 2079 Et
390 2015 443 2080 hic
479 2014 627 2100 aperitur
664 2035 769 2077 unum
807 2013 848 2077 de
894 2014 1026 2077 secretis
1071 2013 1234 2088 maximis,
1273 2015 1362 2098 quod

307 2119 433 2183 occulto
465 2118 502 2182 in
535 2115 681 2181 scientiis
715 2115 1038 2201 experimentalibus,
1062 2120 1097 2180 et
1123 2114 1212 2193 alibi,
1235 2115 1293 2178 uhi
1323 2116 1363 2180 fit

307 2221 431 2285 mentio
454 2220 494 2284 de
516 2240 648 2305 corpore
672 2219 725 2284 vel
755 2220 975 2283 instrumento
999 2219 1088 2303 quod
1110 2223 1298 2282 moveretur
1320 2217 1364 2282 sd

306 2329 433 2387 motum
478 2321 561 2399 ooeli,
601 2320 690 2406 quod
736 2321 847 2385 omnia
883 2321 1107 2385 instrumento
1151 2320 1362 2386 astronomiae

306 2425 571 2504 transcenderet;
595 2423 656 2489 hoo
678 2424 811 2509 quidem
834 2423 906 2489 fieri
929 2423 1029 2489 debet
1050 2424 1091 2489 de
1114 2427 1271 2509 magnete.

350 2528 396 2593 Et
418 2549 544 2613 possem
566 2527 670 2592 facero
693 2527 794 2592 finem
816 2527 856 2592 do
886 2527 1045 2613 exemplis
1067 2527 1152 2591 circa
1174 2527 1361 2591 innumeru-
1375 2539 1490 2591 orichal-

305 2629 392 2706 bilis,
424 2629 483 2693 ubi
518 2628 597 2714 quia
635 2629 805 2714 ignoratur
836 2628 980 2694 nuturu⁹
1018 2630 1115 2693 unius
1147 2629 1194 2693 rei
1231 2629 1360 2694 inducit
1372 2622 1438 2658 ⁰³⁰¹·

306 2753 446 2796 errorem
469 2731 612 2796 multum
642 2731 799 2796 insensu
830 2731 969 2797 htterali
1000 2732 1179 2817 Scripturae
1210 2737 1244 2795 et
1266 2732 1361 2817 spiri·

305 2835 388 2898 tuuli
425 2856 483 2920 per
520 2856 728 2919 consequens
762 2839 796 2898 et
828 2834 980 2898 similiter
1015 2835 1050 2897 in
1083 2833 1295 2920 philosophia,
1328 2838 1363 2898 ct

305 2938 393 3022 apud
415 2936 557 3001 medicos
572 2942 607 3001 et
628 2936 828 3000 alchimistas
850 2941 885 3000 ot
899 2936 1073 3000 naturales.
1119 2936 1208 2999 Nam
1231 2933 1297 2998 fero
1320 2935 1363 2999 ab

306 3040 458 3103 omnibus
480 3039 651 3124 ignoratur
675 3037 816 3122 qualiter
842 3059 988 3122 cuprum,
1013 3057 1066 3114 aes,
1090 3042 1124 3100 et
1155 3035 1360 3112 orichalcum,

304 3163 346 3205 no
369 3141 498 3205 dicatur
520 3162 579 3224 per
602 3160 744 3203 errorem
776 3138 982 3214 auricalcum,
1007 3143 1041 3201 et
1064 3137 1220 3202 electrum
1244 3159 1362 3202 convo·

305 3242 409 3317 nient,
427 3261 464 3304 ac
481 3240 611 3304 debent.
658 3241 857 3305 AEstimatur
872 3239 938 3305 fero
953 3239 996 3304 ab
1012 3240 1165 3306 omnibus
1180 3241 1267 3325 quod
1283 3245 1362 3305 sunt

306 3342 435 3405 diverso
457 3362 577 3425 genero
599 3341 829 3419 metallorum3
851 3364 925 3406 cum
956 3343 1017 3408 hoc
1047 3349 1097 3408 est
1120 3343 1248 3409 fulsum.
1295 3342 1361 3409 Sed

305 3465 349 3508 aes
373 3448 407 3506 ct
430 3442 649 3506 orichalcum³
672 3449 707 3508 et
739 3444 896 3509 electrum
927 3444 1015 3509 fiunt
1047 3467 1088 3509 ex
1119 3469 1225 3532 cupro.
1272 3445 1361 3510 Nam

305 3546 377 3630 ipsa
399 3544 525 3609 minora
548 3545 602 3609 cui
624 3546 730 3632 primo
759 3545 913 3611 funditur
936 3552 970 3612 et
993 3553 1154 3633 purgatur
1184 3572 1205 3611 s
1226 3547 1361 3613 faecibus

306 3646 515 3712 terrestribus
553 3652 604 3712 est
641 3670 719 3712 vere
757 3670 920 3734 cuprum;
951 3655 985 3714 et
1022 3649 1068 3714 sio
1106 3648 1204 3714 debet
1242 3650 1359 3716 vocari.

307 3749 471 3829 Quoniam
494 3771 572 3814 vero
605 3750 640 3814 in
672 3771 808 3836 cuprum
842 3750 952 3816 fusum
986 3756 1021 3816 et
1051 3756 1228 3837 purgatum
1252 3751 1360 3837 pulvis

306 3851 473 3917 salaminae
496 3853 624 3918 citrinae
655 3853 844 3939 spargitur3
866 3875 933 3918 non
956 3858 1068 3918 tamen
1090 3854 1233 3917 multum
1260 3853 1360 3918 habet

305 3954 344 4018 de
367 3953 510 4040 pulvere.
549 3954 615 4020 Sed
638 3961 677 4021 ut
692 3977 829 4041 cuprum
851 3955 912 4020 fiat
934 3955 1176 4041 aliquantulum
1199 3955 1312 4020 durius
1327 3963 1361 4020 et

305 4057 409 4142 magis
424 4057 581 4122 citrinum
597 4062 670 4122 tum
686 4064 823 4124 vocatur
837 4080 888 4124 ms.
937 4056 1123 4124 Oohrmo‘mt
1145 4063 1196 4123 est
1211 4058 1360 4143 quaedsm

305 4179 391 4223 veno
428 4164 526 4226 terrm
557 4165 592 4225 et
623 4160 724 4226 hebet
758 4160 869 4249 plures
903 4161 1023 4226 modos.
1070 4159 1136 4227 Sed
1170 4161 1210 4225 do
1241 4159 1360 4225 citrino

340 4509 536 4578 ¹nutrimentum]
557 4513 777 4572 trimcntum,MS.
862 4499 863 4503 Ἰ
892 4511 1069 4575 'orichalcum
1107 4511 1267 4571 auricalcum,
1301 4510 1357 4561 MS.

338 4589 483 4652 'iquoratur
512 4594 615 4661 notura]
652 4594 807 4657 ignorantur,
859 4591 918 4640 here
946 4593 996 4640 and
1021 4592 1109 4650 below,
1134 4590 1360 4654 notwithstanding

305 4666 362 4718 MS.
859 4670 901 4720 the
919 4670 1028 4721 uuthor’s
1045 4670 1153 4721 cantion.

394 4775 469 4825 VOL.
495 4777 516 4824 Ι.
1089 4776 1218 4823 RB*-
