3586 5640
453 803 518 869 422
832 818 961 869 noannr
984 818 1131 870 ascerus
1412 803 1502 890 [car.

283 995 439 1111 {werd
453 996 669 1083 planetarum,
704 996 882 1062 secundum
914 997 1002 1081 quod
1035 995 1181 1062 coelestia
1215 996 1377 1061 inclinant
1406 995 1507 1062 corda

283 1075 421 1194 bplpnpupe
452 1099 597 1164 humana
618 1098 661 1164 ad
692 1099 830 1178 diversa,
853 1099 1034 1165 secundum
1057 1098 1284 1165 diversitatem
1311 1099 1508 1185 complexio·

284 1195 387 1312 {mg
452 1223 534 1268 num
556 1202 747 1282 hominum3
770 1223 844 1287 quae
867 1201 1108 1288 complexiones
1129 1222 1187 1288 per
1210 1201 1356 1267 coelestia
1376 1201 1507 1267 verian-

385 1297 393 1314 ’
453 1309 516 1371 tur.
562 1304 651 1370 Nam
674 1304 815 1370 liberum
841 1303 1016 1370 arbitrium
1047 1325 1115 1370 non
1147 1308 1256 1390 potest
1289 1303 1372 1391 cogi,
1395 1309 1509 1370 tamen

455 1407 619 1474 excitatur
651 1407 780 1472 fortiter
810 1427 869 1493 per
901 1406 1160 1492 complexionem
1190 1407 1333 1494 corporis
1360 1410 1394 1473 et
1425 1405 1507 1472 coel'a

456 1509 595 1596 Propter
632 1509 721 1595 quod
751 1509 910 1589 videmus,
935 1509 1023 1596 quod
1052 1509 1240 1575 habitantes
1270 1509 1334 1575 sub
1370 1508 1509 1575 diversis

455 1612 533 1678 locis
567 1611 650 1692 coeli,
685 1633 743 1698 per
778 1611 969 1679 universum
1000 1613 1171 1692 mundum,
1205 1611 1330 1678 habent
1364 1612 1509 1678 disemos

455 1736 570 1793 mores,
594 1719 629 1780 et
651 1715 911 1796 consuetudines,
936 1720 971 1780 et
992 1716 1146 1802 negotia3
1176 1719 1216 1779 ut
1238 1714 1339 1793 Secti,
1364 1713 1508 1802 Anglici,

455 1815 581 1898 Gallici,
602 1817 752 1904 Hispani,
772 1817 922 1898 Romani,
943 1818 1056 1896 Graeci,
1077 1817 1244 1904 Ethiopes,
1265 1817 1400 1897 Arabes,
1424 1818 1511 1883 sicut

454 1920 672 2007 conspicimus
702 1919 768 1986 fide
798 1920 937 1998 oculata,
966 1925 1083 1986 atnoe
1104 1942 1163 2007 per
1197 1919 1435 2008 experientiam
1472 1918 1509 1984 in

452 2023 549 2089 nobis
572 2029 607 2088 et
628 2022 702 2087 aliis
724 2023 884 2104 videmus,
907 2023 996 2108 quod
1021 2045 1134 2090 omnes
1155 2022 1304 2088 homines
1326 2026 1511 2108 sequuntur

452 2125 595 2192 libenter
624 2125 854 2192 inclinationes
883 2147 1017 2191 suanam
1055 2125 1327 2213 complexionum,
1366 2125 1436 2190 sive
1473 2124 1510 2188 in

452 2229 546 2294 vitiis
568 2228 689 2294 sivein
711 2228 894 2294 virtutibus
911 2252 919 2309 3
942 2229 992 2294 ita
1009 2230 1098 2315 quod
1113 2228 1339 2316 perfectissimi
1361 2227 1510 2293 homines

452 2351 520 2397 non
549 2335 686 2418 possunt
707 2331 815 2396 vitare
844 2331 968 2418 primos
997 2335 1114 2396 motus
1176 2331 1229 2397 Ut
1257 2330 1437 2397 cholericus
1459 2333 1511 2396 est

452 2431 628 2498 iracundus
650 2437 686 2498 et
707 2432 838 2514 audax3
876 2432 1129 2503 melancholicus
1157 2433 1295 2498 timidus
1317 2439 1353 2499 et
1381 2432 1511 2512 tristis;

453 2535 653 2621 sanguineus
671 2540 722 2600 est
739 2534 928 2601 luxuriosus
951 2541 986 2601 et
1007 2536 1176 2624 gaudens;
1199 2534 1437 2623 phlegmaticus
1459 2541 1510 2603 est

453 2637 547 2703 rudis
569 2643 604 2703 et
634 2637 727 2724 piger
749 2637 793 2703 ad
823 2637 954 2717 omnia3
985 2639 1088 2705 etsie
1114 2639 1156 2705 de
1178 2639 1251 2704 eliis
1274 2638 1511 2726 complexioni·

453 2739 516 2805 bus
538 2739 800 2827 particularibus
846 2740 1010 2808 Voluntas
1040 2743 1144 2830 igitur
1165 2741 1337 2807 inducitur
1359 2763 1417 2828 per
1438 2741 1510 2807 hac

453 2842 532 2911 licet
553 2864 622 2909 non
644 2849 789 2931 cogatur.
835 2842 902 2910 Sed
924 2866 946 2909 a
974 2845 1058 2912 ccelc
1080 2849 1131 2910 est
1152 2845 1245 2932 origo
1274 2843 1510 2931 complexionis

456 2945 608 3012 radicalis
630 2967 689 3033 per
712 2945 997 3013 constellationem
1026 2946 1063 3011 in
1085 2946 1296 3033 conceptione
1326 2952 1362 3012 ot
1383 2945 1509 3012 nativi·

454 3054 533 3117 tata
580 3048 626 3114 Et
653 3049 804 3115 similiter
835 3050 1017 3137 complexio
1048 3071 1181 3117 currens
1211 3056 1365 3116 cernatur
1393 3072 1415 3114 a
1436 3048 1511 3115 coeli

455 3151 639 3232 varietate;
678 3152 858 3218 secundum
892 3153 980 3239 quod
1010 3152 1133 3218 diversi
1167 3152 1310 3239 planetae
1343 3157 1377 3218 et
1407 3151 1511 3218 stellae

454 3255 532 3320 fixae
566 3254 669 3319 variis
701 3256 790 3321 horis
827 3276 926 3343 super
963 3261 1077 3323 nostra
1114 3277 1249 3343 corpora
1283 3255 1508 3322 dominantur.

288 3368 360 3448 More
371 3376 425 3420 true
455 3356 561 3422 Docet
605 3356 708 3443 igitur
753 3358 950 3423 Aristoteles
1003 3359 1167 3445 quomodo
1220 3358 1374 3423 oriuntur
1422 3358 1510 3445 leges

286 3437 438 3554 {nhffilfhl
455 3460 592 3526 diversae
624 3460 661 3524 in
684 3461 815 3538 mundo,
841 3466 973 3548 etqua
1004 3467 1084 3528 sunt
1106 3462 1202 3528 malae
1235 3467 1269 3527 et
1295 3466 1510 3548 corrumpunt

287 3563 608 3648 equestres-civitates
630 3568 665 3628 et
692 3584 803 3650 regna,
827 3570 862 3629 et
884 3565 1027 3650 qualiter
1047 3565 1149 3631 vitari
1172 3563 1294 3631 debent
1317 3569 1351 3631 et
1373 3564 1509 3641 destrui,

286 3637 402 3769 ἓξὲξ,
456 3671 496 3732 ut
533 3667 669 3733 tandem
706 3671 875 3732 statuatur
919 3690 988 3732 una
1024 3668 1080 3734 lex
1117 3668 1270 3756 perfecta,
1306 3667 1409 3753 juxta
1438 3667 1511 3732 vias

285 3773 381 3888 thpnlin
394 3744 436 3824 t’he
457 3769 683 3857 philosophiae,
701 3790 776 3856 quae
799 3771 905 3836 salvet
927 3770 964 3834 in
986 3793 1066 3858 pace
1089 3776 1124 3837 et
1141 3771 1276 3857 justitia
1298 3771 1453 3836 civitates
1474 3775 1511 3836 et

286 3843 444 3959 Xfffigffl
456 3874 613 3961 regiones.
685 3873 731 3937 Et
768 3873 864 3939 docet
902 3895 976 3961 qum
1014 3879 1092 3939 sunt
1128 3874 1255 3939 nobiles
1291 3873 1511 3960 proprietates

286 3973 343 4026 law.
454 3977 551 4044 istius
573 3975 662 4064 legis,
688 3981 722 4042 et
753 3977 916 4063 quomodo
939 3977 1038 4043 debet
1062 3977 1219 4043 custodiri
1251 3975 1381 4042 illibata
1403 3981 1438 4042 ct
1460 3977 1510 4040 in-

454 4086 619 4168 corrupta,
665 4084 700 4145 et
744 4081 908 4166 quomodo
954 4086 1160 4168 corruptores
1197 4079 1268 4166 ejus
1305 4079 1510 4145 strictissime

454 4190 635 4250 arceantur.
683 4182 781 4250 Certe
812 4184 938 4269 majora
960 4189 1039 4250 aunt
1068 4184 1122 4250 hio
1151 4183 1185 4248 in
1217 4183 1329 4270 paucis
1359 4183 1511 4269 capitulis

455 4309 556 4371 quam
588 4286 625 4349 in
657 4291 728 4351 toto
761 4307 894 4374 corpore
921 4287 1007 4374 juris
1030 4286 1149 4352 Italici
1196 4286 1285 4351 Nam
1312 4285 1510 4351 Aristoteles

453 4394 489 4454 et
519 4389 570 4453 sui
598 4393 771 4474 sequentes
794 4390 913 4457 docent
943 4390 1031 4477 quod
1052 4389 1123 4456 lraee
1148 4390 1212 4467 lex,
1237 4389 1309 4454 Deo
1331 4389 1509 4467 revelante,

453 4491 568 4557 haberi
591 4491 698 4571 debet,
722 4495 757 4557 et
785 4494 858 4578 quis
889 4494 952 4558 erit
973 4492 1149 4579 legislator,
1181 4498 1215 4558 et
1242 4494 1404 4578 quomodo
1435 4514 1509 4578 pro-

453 4594 551 4660 betur
574 4595 662 4680 quod
689 4594 795 4682 legem
823 4618 843 4660 a
873 4596 945 4661 Deo
967 4596 1097 4683 recepit,
1121 4601 1161 4662 ut
1192 4596 1328 4661 tandem
1358 4595 1510 4661 credatur

452 4698 483 4763 ei
515 4698 672 4781 omnino;
696 4703 730 4764 et
762 4699 905 4783 qualiter
935 4698 1005 4787 ipse
1036 4699 1137 4766 habet
1163 4699 1268 4787 legem
1291 4698 1507 4786 promulgare,
