3586 5640
308 757 447 846 savrra]
702 775 789 824 orus
812 775 971 826 rusrruu.
1297 761 1363 831 177

353 950 490 1028 Iterum,
522 949 637 1015 divina
667 951 817 1036 potentia
848 973 914 1015 non
945 953 1110 1037 operatur,
1133 951 1198 1015 nisi
1221 950 1279 1014 ubi
1311 955 1362 1016 est
1374 962 1456 1016 where
1464 965 1530 1016 their

304 1074 447 1139 praesens
470 1075 530 1117 sua
552 1053 693 1118 essentia
705 1076 712 1133 ;
736 1055 814 1139 quis
844 1055 931 1119 sicut
963 1052 1114 1140 potentia
1145 1057 1196 1117 est
1227 1053 1358 1139 ubique,
1372 1032 1505 1158 ζζῗῖζζιίζ

304 1156 350 1219 sie
372 1177 432 1220 sua
454 1155 609 1234 essentia;
632 1161 667 1220 et
688 1155 762 1220 ideo
785 1156 889 1220 multo
912 1155 1017 1243 magis
1039 1154 1187 1241 angelica
1211 1156 1489 1241 potentissumis

307 1279 372 1322 nou
396 1258 594 1345 operabitur,
619 1258 683 1322 nisi
706 1257 764 1322 ubi
787 1264 837 1323 est
858 1280 918 1322 sua
940 1259 1082 1323 essentia
1104 1280 1254 1344 praesens.
1372 1231 1526 1365 &sisw—

353 1360 490 1440 Iterum,
523 1359 702 1425 seeundum
736 1360 837 1425 fidem
871 1360 1014 1426 eeclesiae
1043 1366 1078 1425 et
1112 1361 1293 1446 scripturae,
1325 1368 1360 1426 et
1371 1378 1414 1415 ιω
1425 1373 1469 1415 not

306 1462 394 1528 diota
425 1467 621 1543 sanctorum,
645 1467 680 1528 et
702 1463 880 1528 seeundum
915 1463 1068 1528 historias
1103 1467 1216 1538 certas,
1250 1429 1527 1564 angelifffissss‘

306 1587 372 1630 non
394 1565 499 1630 solum
522 1565 602 1631 farti
633 1571 712 1630 suut
750 1571 927 1652 praesentes
956 1565 1145 1631 hominibus
1179 1565 1357 1631 secuudum
1372 1567 1431 1628 Μ’)

305 1689 410 1753 opera,
442 1667 499 1732 sed
532 1669 709 1734 seeundum
737 1689 830 1732 suam
863 1668 1093 1746 substantiam,
1117 1673 1152 1733 et
1174 1669 1356 1748 essentiam,

306 1775 341 1835 et
363 1774 524 1836 naturam.
586 1770 652 1835 Sed
674 1770 735 1835 hoe
757 1792 826 1836 esse
856 1793 923 1835 non
958 1775 1068 1856 potest
1090 1770 1120 1834 si
1142 1769 1279 1855 angelus
1302 1771 1357 1837 de·

307 1869 481 1938 terminet¹
508 1873 572 1937 sibi
596 1874 703 1940 locum
726 1874 921 1959 punctalem,
945 1880 985 1937 ut
1008 1873 1185 1959 probatum
1208 1877 1266 1937 est.

352 1975 488 2055 Iterum,
505 1975 616 2041 anima
637 1975 809 2041 rationalis
831 1981 881 2041 est
898 1997 1041 2063 praeseus
1064 1975 1189 2062 corpori
1212 1974 1357 2042 humano

305 2079 457 2159 viventi;
492 2083 527 2144 et
549 2083 600 2143 est
621 2101 763 2164 praesens
796 2098 862 2144 non
885 2079 991 2144 solum
1014 2078 1191 2143 seeundum
1215 2079 1356 2165 operati·

305 2201 400 2246 onem
422 2181 479 2246 sed
509 2180 686 2246 seeundum
716 2180 945 2258 substantiam,
978 2185 1016 2245 ut
1054 2185 1155 2266 patet,
1189 2185 1224 2245 et
1253 2181 1294 2245 fit
1320 2181 1356 2245 in

306 2284 387 2348 eoelo
421 2306 478 2369 per
503 2283 712 2371 praesentiam
742 2305 810 2348 suae
837 2283 1032 2349 substantiae
1064 2306 1138 2369 quae
1171 2284 1267 2349 beata
1297 2288 1355 2360 est,

305 2392 365 2450 aut
387 2385 572 2451 ininferna
603 2407 676 2470 quoe
709 2385 893 2464 damnatur,
929 2387 1047 2452 autin
1070 2386 1260 2472 purgatorio
1283 2408 1356 2471 quas

305 2509 395 2573 spem
426 2487 526 2554 babet
559 2488 688 2553 salutis.
750 2488 838 2574 Ergo
868 2489 1055 2554 substantia
1078 2489 1259 2575 spiritualis
1290 2512 1355 2553 nen

305 2590 369 2655 erit
399 2591 504 2658 solum
534 2596 569 2658 et
598 2613 725 2677 semper
754 2612 897 2677 praesens
931 2591 990 2657 uni
1024 2592 1094 2656 loeo
1126 2593 1282 2678 punctari,
1307 2615 1354 2657 se-

305 2693 449 2758 cundum
478 2716 572 2758 suam
604 2693 789 2772 essentiam,
828 2694 913 2761 sieut
951 2716 1010 2760 nec
1046 2695 1224 2761 seeundum
1262 2718 1355 2762 suam

305 2796 488 2882 potentiam
511 2797 613 2862 solam
636 2796 800 2883 operandi.

351 2899 488 2979 Iterum,
505 2899 533 2964 si
553 2899 688 2986 angelus
710 2906 796 2965 esset
816 2903 963 2964 arctatus
985 2897 1107 2962 solum³
1122 2899 1165 2962 ad
1187 2904 1354 2982 punctum,

304 3006 339 3068 et
361 3007 448 3068 esset
469 3001 659 3068 substantia
681 2999 853 3087 punctalis,
869 2999 1068 3086 impossibile
1089 3004 1139 3064 est
1161 3001 1249 3084 quod
1272 3007 1356 3065 esset

306 3104 479 3191 dignitatis
507 3104 597 3170 illius
628 3125 703 3190 quae
734 3103 933 3190 praedicatur
959 3102 999 3167 de
1027 3123 1086 3177 e0;
1120 3125 1196 3167 nam
1220 3109 1299 3168 tuna
1322 3109 1356 3168 et

305 3208 446 3274 essentia
475 3213 560 3273 esset
586 3207 749 3295 punctalis
773 3211 808 3272 et
837 3205 997 3293 potentia,
1020 3210 1055 3270 et
1077 3205 1126 3270 ita
1157 3211 1241 3271 esset
1265 3207 1356 3271 vilis-

306 3311 389 3375 sima
420 3311 689 3387 substantiarum,
713 3315 748 3375 et
780 3309 878 3374 vilior
908 3308 1060 3374 omnibus
1093 3309 1175 3389 aliis,
1206 3332 1279 3395 quse
1313 3311 1356 3375 ad

305 3413 419 3500 puncti
442 3413 608 3478 miseriam
630 3435 697 3478 non
720 3417 897 3477 arctantur.
945 3411 978 3474 N
981 3433 1016 3476 ee
1038 3411 1174 3497 expedit
1187 3412 1252 3477 dici
1268 3412 1355 3497 quod

305 3515 395 3582 sint³
424 3517 544 3583 aretati
575 3517 617 3582 ad
647 3520 807 3602 punctum
845 3515 938 3595 mole,
970 3536 1037 3579 nou
1067 3519 1180 3579 tamen
1209 3515 1355 3595 virtute3

306 3620 383 3705 quia
406 3620 513 3685 virtus
539 3625 574 3685 et
603 3624 748 3705 potestas
778 3618 865 3684 idem
895 3624 983 3696 sunt,
1006 3622 1041 3684 et
1071 3617 1172 3682 moles
1198 3618 1357 3702 importat

305 3721 503 3802 esseutiam3
533 3723 590 3787 sed
621 3725 765 3808 potestas
796 3742 864 3784 non
894 3718 1045 3784 excedia⁴
1070 3719 1256 3796 essentiam,
1278 3739 1356 3803 ergo

305 3846 364 3890 neo
386 3823 514 3903 virtus;
537 3829 571 3889 et
593 3824 667 3889 ideo
689 3823 759 3889 hmo
783 3844 858 3908 pars
881 3821 1087 3887 coneedendo
1109 3826 1166 3885 est

351 3926 448 4006 Quod
486 3926 514 3991 si
544 3925 719 4011 objiciatur
757 3925 844 4009 quod
874 3923 1009 4009 angelus
1047 3928 1097 3987 est
1135 3922 1354 3999 indivisibilis,
1369 3935 1506 4000 objation

304 4026 430 4116 igitur⁵
452 4033 487 4096 et
509 4050 588 4094 suus
610 4029 706 4107 locus,
731 4027 904 4093 dicendum
927 4029 978 4090 est
1000 4026 1087 4110 quod
1109 4024 1357 4090 indivisibilitas
1368 4006 1514 4054 mered:

238 4214 240 4217 ¹
305 4132 414 4218 angeli
436 4138 471 4198 et
493 4131 554 4198 loci
577 4137 656 4198 suut
688 4130 856 4216 aequivoca
878 4134 913 4194 et
935 4129 1069 4194 alterius
1099 4128 1248 4214 generis;
1279 4071 1523 4214 quiaiitiissiaee,

341 4524 347 4553 ¹
365 4521 515 4588 besaines]
534 4520 691 4581 determinat,
710 4520 739 4570 B.
890 4521 900 4550 ⁴
916 4519 1021 4585 medie]
1040 4521 1151 4578 excedet,
1171 4520 1201 4571 Β.

891 4599 901 4628 ⁸
917 4597 1003 4667 ἐρίων]
1023 4613 1090 4666 ergo,
1106 4599 1136 4650 Β.
