3586 5640
200 872 202 877 Ι
305 779 399 869 vni]
637 795 870 848 comnrnrmr
891 795 1019 848 eroon.
1290 778 1356 850 475

304 971 411 1038 forma
433 971 616 1058 compendii
638 972 723 1037 etin
737 971 916 1037 universali
931 970 1039 1038 videri
1053 971 1217 1058 corruptio
1241 968 1360 1039 Bibliae

305 1074 475 1161 perdicto
496 1075 653 1161 exempla
700 1074 768 1141 Sed
793 1074 852 1160 qui
873 1073 975 1139 vellet
1003 1073 1047 1138 ad
1076 1073 1207 1160 singula
1229 1072 1361 1140 descen·

306 1177 393 1258 dere,
414 1198 483 1242 non
513 1176 679 1242 inveniret
704 1176 891 1254 clausulam,
915 1175 997 1262 quin
1019 1174 1145 1241 euius
1170 1180 1360 1254 occurreret,

305 1279 360 1344 vel
402 1279 507 1344 nimia
558 1278 733 1357 dubitatio,
782 1283 918 1366 propter
960 1278 1153 1344 discordiam
1199 1278 1362 1366 corrigen-

306 1382 400 1458 tium,
425 1403 498 1467 quae
520 1380 689 1448 dubitatio
715 1381 805 1447 cadit
839 1382 877 1447 in
910 1403 1040 1448 omnem
1062 1381 1254 1468 sapientem,
1276 1381 1362 1447 sicut

306 1483 407 1548 timor
443 1483 628 1570 appellatur
670 1505 744 1570 quae
787 1483 877 1550 cadit
915 1483 953 1548 in
994 1483 1104 1550 virum
1147 1487 1361 1549 constantem

307 1583 374 1650 Sed
406 1590 520 1650 tamen
553 1584 647 1673 quasi
678 1586 802 1671 ubique
833 1589 884 1651 est
918 1584 1054 1664 falsitas,
1077 1585 1156 1651 licet
1193 1583 1362 1650 dubitatio

306 1686 513 1754 intercurrat
573 1689 620 1755 Et
666 1710 735 1754 non
762 1692 1004 1754 evacuarentur
1046 1688 1100 1754 hae
1130 1686 1293 1753 falsitates
1327 1691 1362 1754 at

307 1789 532 1856 dubitationes
577 1812 637 1878 per
673 1790 899 1877 quantitatem
932 1789 1120 1856 medietatis
1163 1789 1294 1867 Bibliae,
1332 1789 1361 1856 si

307 1893 470 1959 certitudo
510 1892 746 1980 probationum
785 1893 1006 1970 induceretur,
1043 1897 1084 1958 ut
1122 1892 1209 1958 ratio
1254 1891 1362 1979 exigit

307 1996 498 2082 corrigendi.
558 1996 605 2060 Et
649 1995 724 2061 idco
761 2017 874 2061 omnes
911 1993 1058 2080 theologi
1094 2016 1182 2059 nunc
1219 1998 1362 2059 utuntur

307 2097 344 2160 in
381 2097 521 2183 legendo
558 2101 594 2162 et
626 2096 838 2185 praedicando
882 2095 973 2162 falsis
1018 2094 1281 2172 auctoritatibus,
1328 2098 1363 2160 et

307 2199 459 2264 nesciunt
500 2198 652 2285 proferre,
699 2203 735 2265 et
775 2220 834 2286 par
878 2219 1077 2285 consequens
1131 2219 1192 2264 nec
1236 2196 1395 2282 aliquid·

307 2301 445 2386 dignum
467 2301 660 2389 intelligere,
684 2302 740 2367 vel
764 2302 890 2368 docere.
1474 2331 1479 2340 ·

355 2403 454 2469 Nunc
498 2409 632 2470 ostensa
667 2409 718 2470 est
750 2405 1021 2491 qualitercumque
1047 2425 1115 2469 una
1144 2425 1218 2490 pars
1251 2402 1361 2469 terrie
1373 2416 1506 2536 Ipsum

309 2506 451 2585 decimae,
483 2528 584 2593 quara
621 2511 774 2593 oporteat
796 2505 933 2572 Latinos
965 2507 1044 2572 scire
1077 2505 1215 2593 linguas
1261 2485 1490 2622 Νυηοῗξξῗξζ

309 2608 384 2672 volo
415 2609 590 2675 secundem
628 2613 756 2696 partem
792 2614 936 2696 tangere,
966 2630 1041 2694 quae
1074 2614 1126 2675 est
1157 2609 1198 2674 de
1232 2607 1419 2694 exposi-cn
1373 2625 1430 2668 cent
1441 2569 1510 2669 and

308 2709 399 2776 tione
434 2715 556 2792 textus,
596 2712 660 2777 etsi
696 2710 791 2776 nulla
824 2717 910 2777 esset
945 2711 1079 2778 falsitas
1136 2711 1203 2777 Sed
1240 2732 1362 2796 magna
1372 2687 1494 2753 quanuty

307 2813 476 2879 festinatio
514 2815 603 2901 cogit
639 2835 694 2880 me
731 2812 776 2880 ad
820 2813 1040 2892 brevitatem
1085 2817 1121 2878 et
1152 2813 1231 2898 quia
1267 2812 1362 2897 phua

303 2915 375 3000 jam
411 2916 534 3003 scripta
570 2921 649 2980 sunt
686 2936 786 3001 quam
816 2935 839 2978 a
869 2913 1032 3001 principio
1067 2912 1241 2980 aestimavi
1297 2913 1361 2977 Re-

308 3019 440 3084 volvam
474 3024 587 3083 tomen
628 3017 756 3102 aliquos
788 3015 943 3081 articulos
980 3037 1054 3080 cum
1092 3014 1251 3101 exemplis
1296 3015 1364 3079 suis

308 3120 514 3199 necessarios,
559 3123 600 3183 ut
644 3119 761 3183 saltem
805 3122 872 3182 stet
917 3118 1083 3204 persuasio
1117 3117 1364 3193 introductoria,

310 3221 468 3305 quatinus
509 3221 550 3285 ad
593 3219 719 3305 majora
761 3219 938 3304 prudentes
980 3219 1128 3285 homines
1172 3220 1365 3285 excitentur.

311 3322 348 3386 Si
388 3323 492 3408 igitur
537 3322 637 3387 litera
682 3325 757 3385 tota
798 3325 883 3386 esset
919 3322 1089 3387 vemssima
1129 3325 1166 3387 ct
1202 3321 1367 3388 correctis-

311 3424 403 3502 sima,
449 3424 556 3490 adhuc
604 3427 740 3509 propter
784 3422 854 3508 ejus
902 3424 1139 3510 expositionem
1188 3425 1367 3510 requiritur

312 3526 456 3612 cognitio
494 3526 641 3591 maxima
684 3525 880 3612 linguarum.
943 3526 999 3592 Ita
1040 3527 1123 3592 dicit
1159 3527 1367 3612 Augustinus

312 3629 454 3694 secundo
487 3629 539 3694 De
571 3627 733 3694 Doctrina
763 3627 977 3707 Christiana3
1006 3634 1041 3695 et
1078 3628 1305 3715 Hieronymus
1333 3633 1368 3694 et

312 3753 424 3797 omnes
447 3730 509 3796 hoc
531 3730 657 3809 docent,
681 3736 716 3796 et
738 3731 879 3797 firmiter
900 3731 1106 3797 confitentur.
1155 3730 1253 3795 Unus
1276 3751 1368 3795 casus

312 3839 363 3900 est
385 3839 518 3921 propter
539 3828 702 3914 accentus,
726 3839 761 3899 et
783 3833 1024 3921 longitudinem
1054 3837 1089 3899 et
1110 3832 1309 3898 brevitatem
1331 3831 1368 3896 in

313 3937 515 4024 penultimis,
570 3937 651 4023 quia
692 3935 771 4001 licet
796 3936 913 4001 litera
952 3934 998 4000 sit
1034 3957 1114 4000 vera
1150 3955 1218 4000 non
1255 3940 1368 4000 tamen

316 4045 450 4127 propter
472 4040 534 4105 hoc
556 4036 664 4104 sciunt
685 4039 764 4104 brec
803 4036 851 4103 Et
872 4041 960 4103 certe
982 4037 1019 4101 in
1040 4036 1230 4101 nominibus
1245 4035 1368 4102 Graecis

314 4147 349 4208 et
373 4141 535 4219 Hebraeis,
558 4162 626 4207 non
658 4143 799 4228 possunt
830 4139 906 4204 sciri
939 4137 1004 4203 nisi
1035 4159 1095 4224 per
1119 4138 1368 4225 grammaticam

315 4244 447 4309 illarum
484 4244 679 4332 linguarum.
726 4240 830 4307 Verbi
863 4240 981 4327 gratie,
1020 4238 1127 4304 Maria
1164 4239 1367 4326 Magdslene,

313 4347 532 4433 penultimam
554 4347 749 4433 productam
780 4343 883 4409 habet
913 4341 1059 4430 proferri,
1082 4363 1160 4408 nam
1191 4342 1229 4407 in
1254 4342 1368 4408 Graeco

313 4449 466 4514 scribitur
487 4471 545 4535 per
567 4455 629 4530 ato,
653 4448 714 4513 hoc
737 4451 788 4512 est
809 4468 867 4534 per
889 4466 906 4512 a
928 4446 1070 4533 longum.
1129 4444 1233 4511 Mami
1266 4444 1369 4530 igitur

313 4550 439 4630 ultimo,
456 4556 490 4617 et
512 4551 601 4631 alibi,
618 4549 774 4617 scribitur
794 4549 879 4617 dont
895 4549 1014 4630 crece,
1031 4548 1119 4636 quod
1133 4548 1246 4616 nullus
1260 4550 1370 4634 potest
