3586 5640
453 777 519 839 448
825 786 954 837 sooner
978 784 1126 836 ascerus
1412 753 1510 861 [oar

449 966 506 1031 sed
537 965 660 1031 dicitur
692 986 713 1028 a
746 969 828 1050 potu
858 964 944 1043 lenu,
979 963 1015 1027 id
1046 969 1096 1029 θεὴ
1130 986 1151 1029 a
1182 963 1264 1030 lacu
1312 963 1380 1045 Qui
1403 965 1516 1052 igitur

449 1068 569 1155 dogma
600 1066 681 1131 dicit
716 1066 858 1131 derivari
892 1088 912 1130 a
950 1065 1056 1143 doceo,
1088 1066 1233 1131 aestimat
1270 1066 1360 1152 quod
1390 1068 1513 1154 dogma

450 1171 494 1234 sit
525 1169 706 1247 Latinum;
736 1173 771 1234 et
800 1168 873 1233 ideo
909 1171 997 1232 errat
1018 1167 1055 1231 in
1077 1167 1138 1233 hac
1168 1168 1394 1246 aestimatione,
1424 1171 1512 1237 sicut

450 1272 486 1336 in
509 1271 715 1336 derivatione
744 1270 886 1334 nominis
909 1268 1084 1335 oberravit
1133 1269 1295 1336 Similiter
1316 1270 1398 1336 dicit
1420 1274 1511 1357 quod

450 1374 559 1439 Amen
603 1372 725 1438 dicitur
754 1372 796 1437 ab
829 1395 861 1451 o,
900 1373 987 1457 quod
1018 1377 1069 1437 est
1098 1372 1177 1450 sine,
1208 1377 1243 1438 et
1279 1393 1384 1452 macac,
1420 1375 1511 1459 quod

449 1483 500 1541 θεὴ
529 1476 681 1541 defectus
730 1473 796 1540 Sed
826 1474 934 1540 Amen
958 1472 1139 1540 Hebraeum
1171 1481 1221 1540 est
1233 1499 1243 1554 ;
1279 1474 1358 1561 quia
1388 1477 1511 1562 reperi-

448 1583 506 1644 tur
535 1577 571 1641 in
601 1576 716 1642 Veteri
745 1576 954 1642 Testamenta
985 1582 1019 1642 at
1050 1575 1213 1643 Hebraice
1244 1577 1403 1662 scriptum
1434 1584 1509 1660 est3

449 1685 484 1745 et
513 1701 543 1757 a,
569 1679 657 1765 quod
684 1684 735 1744 est
765 1676 848 1758 aire,
885 1683 935 1744 est
971 1678 1130 1757 Graecum,
1167 1686 1201 1745 et
1234 1678 1386 1744 similiter
1412 1700 1545 1748 utem.

451 1781 602 1846 Graecum
633 1786 690 1846 est.
736 1779 943 1867 Quapropter
971 1780 1053 1846 falsa
1079 1787 1129 1847 θεὴ
1159 1779 1396 1868 interpretatio,
1430 1783 1511 1869 quia

451 1884 631 1949 chraeum
653 1904 721 1948 non
743 1889 852 1970 potest
875 1882 1068 1949 descendere
1090 1906 1111 1948 a
1135 1883 1257 1949 Graeco.

497 1985 650 2072 Hugutio
674 2006 753 2050 vero
776 1990 811 2051 et
837 1984 955 2072 Papias
978 1985 1093 2050 dieunt
1115 1985 1204 2071 quod
1226 1984 1404 2053 Parasceue
1427 1986 1510 2052 dici-

450 2094 508 2154 tur
528 2088 725 2175 preeparatio
747 2109 858 2165 coenae,
891 2093 926 2153 et
959 2087 1167 2174 componitur
1189 2109 1210 2152 a
1226 2108 1316 2173 paro
1339 2095 1374 2154 et
1404 2110 1510 2155 sceau

451 2191 517 2258 Sed
540 2190 691 2256 Graecum
714 2212 834 2256 nomen
868 2196 926 2271 est,
962 2195 996 2255 et
1026 2190 1100 2255 ideo
1123 2189 1276 2255 Latinam
1307 2212 1376 2256 non
1406 2191 1511 2257 habet

450 2293 695 2370 derivationem,
727 2293 905 2358 secundum
935 2291 1178 2377 Hieronymum
1208 2298 1243 2358 et
1272 2291 1438 2371 Servium,
1470 2301 1511 2360 ut

450 2395 598 2482 praedixi.
644 2394 699 2460 Sic
729 2395 833 2483 igitur
858 2399 970 2461 errant
992 2395 1081 2480 apud
1112 2393 1248 2460 Latinos
1279 2395 1315 2459 in
1337 2396 1509 2461 vocabulis

450 2497 752 2563 innumerabilibus.
814 2496 859 2562 Et
889 2497 1012 2582 duplex
1034 2502 1085 2562 est
1108 2517 1220 2578 err0r;
1257 2497 1413 2582 quoniam
1436 2505 1510 2584 ety-

450 2601 651 2688 mologizant
677 2600 767 2686 prius
796 2621 855 2686 per
884 2598 1054 2686 posterius,
1085 2605 1120 2665 et
1150 2600 1319 2665 aestimant
1345 2600 1509 2666 vocabula

453 2704 548 2768 unius
570 2702 694 2790 linguae
724 2724 792 2768 esse
837 2701 981 2778 alterius,
1013 2701 1102 2786 quod
1132 2708 1183 2767 est
1226 2701 1344 2766 falsum
1373 2702 1508 2789 penitus

452 2812 486 2872 et
501 2807 688 2871 absurdum.
735 2804 830 2870 Brito
848 2825 926 2869 vero
942 2808 1126 2868 murmurat
1142 2808 1257 2869 contra
1273 2803 1505 2891 Hugutionem

308 2964 328 2997 ῃ
341 2964 363 2997 ο,
452 2915 486 2975 θὴ
524 2909 661 2996 Papiam
706 2908 744 2994 in
779 2907 902 2973 talibus
914 2931 922 2988 ;
960 2906 1016 2972 sed
1061 2912 1173 2972 tamen
1210 2907 1246 2972 in
1285 2905 1373 2972 idem
1418 2908 1507 2973 redit

452 3012 597 3077 nesciens
619 3011 699 3097 quid
727 3010 822 3076 dicat.
871 3009 996 3075 Asserit
1018 3009 1123 3096 igitur
1146 3010 1235 3094 quod
1256 3009 1347 3075 Deus
1379 3015 1506 3095 etymo-

449 3114 612 3201 logizatur
649 3113 742 3199 quasi
775 3112 856 3177 dans
893 3117 1050 3177 aeternam
1087 3111 1192 3175 vitam
1231 3111 1306 3191 suis,
1338 3116 1372 3176 et
1409 3111 1507 3176 solus.

449 3216 539 3281 Deus
576 3216 664 3281 enim
700 3215 858 3280 Graecum.
915 3213 1004 3279 Nam
1042 3218 1185 3278 testante
1217 3212 1402 3278 Prisciano¹
1437 3236 1505 3278 una

448 3324 541 3383 muta
563 3324 702 3404 cognata
724 3317 858 3404 ponitur
879 3316 933 3381 hio
962 3337 1021 3403 pro
1051 3317 1172 3395 altera,
1195 3317 1273 3402 quia
1298 3322 1312 3382 t
1333 3322 1368 3381 et
1398 3316 1431 3396 d,
1464 3323 1504 3382 ut

447 3420 496 3485 ait
531 3420 723 3497 Priscianus,
756 3425 835 3485 sunt
873 3424 1027 3506 cognatae,
1065 3425 1099 3484 et
1132 3441 1200 3483 una
1231 3441 1316 3506 saepe
1348 3441 1406 3506 pro
1438 3421 1503 3484 alia

447 3524 603 3611 ponitur;
641 3523 719 3607 quia
742 3522 875 3588 Graecus
909 3521 989 3586 dicit
1023 3521 1136 3601 Theos
1162 3526 1195 3586 et
1227 3520 1261 3587 tt
1293 3527 1443 3586 mutatur
1468 3523 1505 3586 in

448 3626 472 3691 d
507 3625 599 3711 quasi
634 3624 718 3690 deos.
765 3623 831 3690 Sed
865 3622 979 3689 Graeca
1010 3623 1169 3689 vocabula
1204 3624 1382 3689 terminata
1405 3624 1441 3687 in
1469 3645 1505 3689 oa

447 3735 621 3793 mutantur
654 3727 690 3791 in
720 3747 765 3791 aa
794 3747 868 3791 cum
900 3725 1023 3791 cadunt
1057 3727 1092 3790 in
1122 3747 1184 3790 usu
1224 3725 1425 3805 Latinorum,
1464 3730 1505 3789 ut

449 3831 604 3906 Christos,
631 3828 802 3908 Christus3
840 3832 899 3892 aut
929 3828 964 3891 in
996 3850 1039 3908 er,
1072 3834 1111 3892 ut
1142 3850 1246 3914 agros,
1282 3849 1381 3914 ager;
1418 3826 1504 3891 sicut

448 3933 529 3997 dicit
560 3931 752 3996 Priscianus.
799 3929 884 3995 Cum
917 3929 1021 4015 igitur
1056 3931 1145 3995 Deus
1179 3930 1224 3994 sit
1254 3928 1404 3994 Graecum
1434 3950 1502 3992 non

447 4040 556 4121 potest
593 4033 713 4099 habere
748 4031 901 4097 Latinam
939 4031 1182 4118 etymologiam,
1221 4038 1261 4097 ut
1290 4032 1350 4096 fiat
1383 4030 1435 4095 vis
1466 4031 1504 4094 in

447 4137 508 4201 hoc
530 4137 661 4201 nomine
676 4134 884 4222 etymologia.
916 4133 999 4199 Dico
1016 4135 1103 4220 quod
1120 4134 1345 4220 Hieronymus
1368 4134 1402 4196 in
1417 4132 1503 4196 libro

447 4244 626 4302 memorato
657 4260 754 4323 super
777 4235 932 4301 Genesim
955 4237 1095 4321 septimo
1120 4234 1194 4322 [3.],
1218 4236 1299 4300 dicit
1320 4234 1412 4302 Sara
1434 4257 1502 4299 non

447 4337 596 4402 Greecam
628 4338 686 4404 sed
714 4338 892 4403 Hebraeam
915 4339 1012 4403 debet
1035 4337 1154 4402 habere
1177 4338 1347 4403 rationem.
1393 4336 1502 4401 Nemo

1293 4546 1488 4553 wa<

667 4676 674 4708 ¹
686 4674 829 4743 hircinae]
843 4676 883 4730 De
900 4674 1028 4738 Partibus,
1040 4675 1056 4724 i.
1068 4690 1091 4744 p.
1104 4679 1144 4737 28,
1156 4675 1194 4726 ed
1209 4679 1280 4726 1545.
