3586 5640
452 763 517 825 lla
837 781 968 832 nouam
994 783 1140 832 nicoma
1408 761 1519 865 June

449 948 573 1014 n'lioel
596 970 675 1036 pua
696 953 889 1040 majorano
912 960 996 1021 toto.
1043 956 1132 1021 Nam
1154 970 1247 1020 ann
1270 957 1454 1020 eut'totum
1477 950 1520 1016 ad

451 1067 514 1116 nn
560 1051 628 1119 Sed
649 1055 715 1121 hoo
736 1063 790 1123 out
813 1059 1039 1148 impossibile3
1064 1064 1266 1148 quapropter
1288 1057 1431 1124 mundus
1453 1076 1521 1121 non

451 1160 564 1241 potat
585 1178 658 1223 omo
678 1158 844 1228 infinitae

342 1259 354 1337 ζ
392 1300 403 1323 ‚
498 1255 671 1342 Quoniam
694 1283 777 1330 vcro
800 1266 888 1330 circa
909 1270 1044 1354 tempus
1066 1275 1101 1332 et
1124 1287 1235 1332 aevum
1257 1263 1410 1330 totaliter
1432 1282 1520 1327 erra·

452 1363 512 1425 ht
531 1367 569 1426 el
590 1364 739 1431 maximo
762 1368 850 1434 circa
880 1391 995 1434 eorum
1025 1368 1190 1434 unitatem
1220 1373 1256 1433 ct
1287 1365 1521 1454 pluralitatem,

453 1461 532 1527 idco
559 1463 810 1534 demonstravi¹
834 1472 1010 1537 veritatem
1036 1471 1206 1558 praeciaam
1233 1470 1317 1535 circa
1345 1465 1439 1546 hrac’
1465 1465 1523 1555 aed

454 1562 612 1633 muter.
660 1569 717 1635 Ad
733 1571 942 1640 intellectum
961 1574 1066 1661 igitur
1086 1571 1284 1660 pleniorem⁸
1300 1569 1376 1636 volo
1391 1567 1523 1634 uberius

456 1666 651 1749 immorari3
673 1693 754 1738 nam
770 1674 825 1741 hic
847 1681 899 1742 est
914 1697 981 1741 una
1004 1675 1045 1740 de
1068 1674 1249 1759 majoribus
1273 1671 1523 1738 difficultatibus

456 1767 678 1858 philosophie
701 1781 737 1842 et
760 1778 948 1865 theologiae,
966 1784 1001 1844 et
1023 1778 1125 1865 digna
1139 1775 1231 1842 omni
1254 1773 1522 1852 consideratione,

458 1892 530 1937 nun
552 1874 661 1940 aulum
685 1885 823 1967 propter
846 1882 1095 1947 evacuationem
1118 1900 1265 1944 errorum
1288 1877 1469 1942 multorum
1489 1879 1524 1939 et

458 1994 669 2063 manorum,
694 1981 753 2047 scd
788 1989 921 2072 propter
954 1980 1232 2070 pulchritudinem
1255 1984 1290 2047 et
1312 1977 1523 2045 altitudinem

460 2076 658 2147 veritatum.

290 2189 440 2259 ΜΨ·
506 2177 640 2270 Vulgus
674 2185 797 2274 igitur*
823 2189 1027 2255 naturalium
1062 2187 1145 2253 dicit
1179 2185 1268 2273 quod
1306 2189 1436 2271 tempus
1474 2187 1525 2247 eat

289 2259 427 2379 κῇ
461 2301 569 2348 unum
591 2306 733 2356 numero
756 2293 903 2356 omnium
926 2296 1077 2356 motuum
1099 2287 1198 2354 aimul
1223 2287 1461 2364 existentium
1490 2295 1525 2348 et

292 2395 422 2462 the-lu
462 2382 528 2452 boo
549 2393 603 2455 cat
624 2412 754 2460 verum.
801 2395 869 2461 Sed
891 2415 1022 2460 caueam
1044 2391 1186 2457 unitatis
1212 2391 1328 2455 dicunt
1357 2409 1426 2454 oeae
1456 2407 1525 2451 mo-

291 2462 438 2586 Q
463 2490 540 2555 lum
562 2489 637 2558 ooli
661 2497 715 2561 cni
738 2496 845 2583 primo
860 2496 1005 2561 debetur.
1052 2495 1098 2558 Et
1113 2492 1192 2579 qnia
1206 2492 1261 2557 illc
1276 2495 1386 2556 motus
1400 2488 1525 2576 primus

463 2596 517 2657 nt
539 2613 638 2676 unua,
661 2603 794 2686 tompus
817 2605 1001 2664 estunam.
1048 2596 1093 2662 Et
1114 2595 1230 2660 dicunt
1256 2593 1345 2680 quod
1374 2592 1445 2658 haec
1474 2595 1525 2656 eat

464 2692 589 2782 positio
611 2697 778 2783 Averrolu,
801 2722 880 2766 nam
904 2699 1043 2765 inclinat
1067 2719 1102 2764 so
1128 2697 1171 2761 ad
1194 2695 1263 2762 hoc.
1309 2695 1375 2762 Sed
1397 2692 1525 2758 Aristo

466 2793 551 2864 lala
571 2798 657 2868 dicit
677 2808 797 2891 quarto
813 2803 1026 2890 Physicorum
1039 2798 1134 2888 [xii.],
1150 2799 1179 2864 si
1199 2799 1308 2886 plures
1326 2801 1434 2863 eruent
1453 2793 1526 2860 coeli

467 2896 578 2986 primi,
593 2907 676 2971 tunc
699 2906 809 2994 plures
832 2909 943 2972 essent
965 2913 1074 2969 motus
1096 2901 1205 2988 primi,
1221 2922 1288 2965 uon
1302 2905 1415 2966 tamen
1430 2898 1526 2985 plura

466 3007 582 3068 *ent
616 3011 774 3097 tempora
821 3008 909 3095 Ergo
941 3028 1015 3073 cum
1045 3004 1089 3069 ad
1119 3002 1344 3090 pluralitatem
1375 3005 1525 3066 motuum

467 3121 537 3170 m
572 3110 725 3195 sequitur
754 3110 927 3199 pluralitas
961 3114 1157 3194 temporum,
1187 3125 1247 3170 nec
1283 3103 1327 3168 ad
1363 3103 1526 3167 unitatem

469 3209 582 3274 mutua
612 3219 771 3298 aequetur
801 3213 912 3278 unitas
946 3209 1124 3305 tempuria3
1162 3206 1251 3294 quod
1284 3204 1526 3272 concedendum

468 3311 528 3376 aa&
564 3310 646 3396 Alii,
663 3321 702 3380 ut
725 3315 880 3401 theologi,
898 3313 1066 3379 aestimant
1081 3310 1170 3398 quod
1183 3315 1315 3396 tempus
1337 3308 1439 3373 habet
1453 3307 1526 3371 uni-

469 3411 579 3479 aum
602 3437 624 3481 a
646 3418 793 3496 materia,
811 3418 889 3503 quia
912 3415 1051 3481 debetur
1073 3413 1172 3479 rebus
1187 3433 1229 3478 ex
1244 3416 1339 3498 parte
1358 3409 1527 3487 materiae3

469 3515 507 3581 ot
532 3517 615 3602 quia
645 3520 787 3586 materia
816 3525 867 3586 est
893 3539 961 3582 una
990 3536 1129 3582 numero
1163 3514 1341 3580 secundum
1367 3533 1431 3591 eos,
1453 3511 1528 3577 idco

470 3617 612 3706 acapna
660 3622 726 3688 Sed
749 3622 810 3687 hoc
832 3625 945 3708 peccat
967 3619 1004 3683 in
1027 3617 1176 3699 duobua3
1198 3639 1276 3682 nam
1299 3615 1439 3682 materia
1460 3634 1528 3679 non

470 3723 523 3786 ut
544 3741 616 3788 una
638 3746 783 3803 numero,
808 3733 846 3790 ut
868 3722 998 3789 ostendi
1021 3721 1155 3807 copiose.

519 3819 650 3892 Deinde
680 3849 747 3892 non
771 3831 879 3914 potest
908 3831 1038 3910 tempus
1068 3823 1187 3888 habere
1216 3822 1378 3888 unitatem
1409 3841 1430 3885 a
1459 3839 1527 3882 mn-

473 3921 568 4001 ΝΚ
592 3926 671 3994 licat
696 3931 835 3995 materia
864 3932 949 3993 esset
978 3949 1053 3992 una
1115 3925 1204 3990 Nam
1227 3923 1366 3989 materia
1388 3943 1456 3986 non
1479 3924 1530 3984 eat

472 4023 660 4114 *idatium
684 4032 850 4118 temporie,
873 4051 933 4095 nec
963 4050 1080 4115 corpus
1102 4027 1227 4092 habena
1249 4024 1421 4090 materiam
1433 4046 1442 4101 ;
1472 4021 1529 4085 sed

474 4133 609 4210 mim
632 4138 667 4198 ot
682 4133 830 4198 accidens
845 4153 913 4196 non
928 4135 1122 4196 numeratur
1144 4128 1324 4194 secundum
1346 4143 1528 4198 numerum,

475 4229 542 4303 Ν
562 4252 585 4300 a
607 4235 755 4321 aubjccto
777 4256 844 4299 auo.
907 4233 1006 4299 Unde
1037 4231 1177 4298 materia
1199 4234 1250 4296 eat
1271 4227 1354 4293 illud
1376 4226 1419 4291 ad
1441 4224 1530 4310 quod

476 4331 621 4424 &lugu
650 4337 800 4422 sequitur
830 4339 968 4422 tempus,
1005 4340 1039 4400 et
1068 4355 1136 4399 non
1167 4329 1364 4406 immediate,
1399 4328 1456 4394 ead
1487 4326 1531 4391 ad

512 4549 712 4620 lm]
743 4551 814 4616 Opus
827 4529 834 4536 Ἰ
843 4548 934 4614 Major,
1065 4551 1075 4581 ¹
1087 4547 1231 4616 pleniorem]
1251 4542 1397 4612 planiorem,
1414 4545 1444 4597 L.

480 4636 606 4781 φὴ]
623 4709 680 4775 loo,
695 4710 726 4766 R
743 4706 774 4762 n
921 4718 926 4728 ·
1066 4709 1075 4738 ⁴
1092 4705 1180 4774 latur]
1198 4713 1291 4768 anum,
1306 4704 1336 4756 L.
