3586 5640
736 793 823 842 orus
845 793 962 843 ninus.
1293 778 1359 849 317

307 966 554 1032 multitudinem
577 969 777 1033 immensam.
827 968 871 1033 Et
894 975 980 1034 certe
1003 969 1098 1055 longe
1122 967 1285 1032 difficilius
1308 971 1358 1032 est
1372 974 1518 1052 Whatpor·

304 1091 496 1155 componere
514 1070 707 1149 adinvicem,
731 1092 806 1155 quse
830 1071 1053 1135 extrahuntur
1081 1093 1100 1134 a
1130 1068 1225 1133 libris
1249 1070 1358 1133 diver·
1370 1044 1499 1173 ξζζωοζᾷ,

306 1172 358 1247 sis,
384 1194 484 1256 quam
507 1171 565 1235 illa
588 1173 752 1258 perlegere
776 1176 811 1235 et
834 1172 1014 1236 extrahere.
1371 1172 1514 1288 Mergane

351 1273 498 1338 Scientia
520 1295 599 1338 vero
626 1273 905 1358 Experimentalis
935 1278 1009 1338 tota
1039 1279 1089 1337 est
1120 1272 1357 1359 amplectenda,
1370 1250 1526 1357 :popam-

307 1375 371 1438 nisi
395 1375 474 1460 quia
500 1375 558 1439 illa
580 1375 717 1460 qnaestio
745 1375 786 1439 de
810 1375 900 1439 Iride
922 1380 958 1440 et
984 1377 1024 1439 de
1055 1374 1183 1439 circulis
1207 1373 1493 1439 eoloratismostim·

307 1476 408 1541 habet
434 1476 662 1542 difficultatem
687 1482 822 1563 propter
845 1477 1073 1563 geometriam
1114 1476 1238 1541 scilicet
1270 1448 1479 1562 prin-mni

309 1578 431 1664 cipium
459 1583 493 1642 et
517 1577 602 1663 quod
632 1579 781 1663 sequitur
810 1579 868 1642 illa
898 1581 1049 1664 exempla
1079 1577 1204 1643 habent
1226 1578 1359 1664 planam

307 1680 529 1744 narrationem
553 1702 626 1744 cum
649 1680 776 1766 ingenti
800 1680 970 1766 sapientia
1019 1680 1117 1745 Certe
1138 1680 1205 1759 illa,
1222 1701 1296 1765 quae
1319 1679 1360 1743 de

308 1782 391 1847 iride
425 1787 461 1847 et
490 1782 609 1846 circulo
640 1783 782 1847 colorato
813 1782 978 1861 dicuntur,
1010 1787 1190 1847 tenuerunt
1219 1804 1271 1846 me
1302 1803 1361 1868 per

309 1906 451 1948 mensem
483 1890 662 1969 antequam
685 1884 779 1970 potui
802 1905 861 1970 per
891 1883 1105 1968 figurationes
1130 1889 1165 1949 et
1191 1884 1360 1970 experien-

309 1987 372 2049 tius
400 1986 457 2050 illa
480 1991 688 2072 pertractare.
740 1985 786 2050 Et
812 1985 891 2070 quia
911 1986 982 2052 haec
1004 1986 1143 2070 requirit
1166 2007 1247 2072 opus
1270 1987 1360 2072 prin-

308 2088 420 2172 cipale,
454 2089 542 2173 quod
576 2088 698 2174 petitis,
736 2092 848 2152 tamen
886 2110 953 2153 non
991 2088 1133 2152 satisfeci
1171 2088 1262 2164 mihi,
1301 2109 1361 2152 nec

309 2189 458 2254 materiae
482 2190 521 2253 de
545 2211 610 2273 qua
632 2189 746 2266 scribo,
768 2189 931 2276 praecipue
964 2212 1037 2255 oum
1060 2190 1119 2254 iris
1150 2194 1185 2254 et
1219 2190 1268 2253 illi
1301 2190 1361 2254 eir-

310 2292 374 2354 culi
395 2291 471 2355 'raro
494 2297 662 2376 apparent,
679 2296 778 2377 prout
800 2293 916 2356 modus
939 2292 1181 2357 considerandae
1203 2291 1360 2357 certifica-

311 2393 411 2456 tionis
448 2392 634 2477 requiritur.
684 2392 730 2457 Et
768 2399 874 2458 certus
912 2414 983 2457 sum
1015 2393 1103 2478 quod
1133 2395 1243 2458 nullus
1273 2393 1360 2479 apud
1483 2390 1484 2393 ’

312 2494 454 2569 Latinae,
467 2499 586 2579 praeter
600 2491 725 2571 unum,¹
743 2493 799 2579 qui
811 2499 862 2558 est
880 2494 1141 2580 sapientissimus
1157 2496 1360 2570 Latinorum,

311 2596 432 2681 poterit
454 2595 637 2660 satisfircere
663 2595 700 2658 in
726 2595 787 2660 hac
812 2600 915 2681 parte.
965 2596 1064 2661 Unde
1090 2597 1142 2661 hic
1168 2602 1285 2683 reputo
1308 2618 1360 2659 me

311 2697 527 2775 succumbere,
549 2697 653 2782 magis
674 2719 773 2782 quam
805 2697 872 2762 fere
903 2698 939 2761 in
970 2698 1223 2783 omnibusque
1253 2699 1360 2776 mitto,

311 2804 444 2884 propter
480 2797 646 2862 mirabiles
683 2798 911 2885 experientias,
944 2821 1017 2883 quae
1059 2799 1112 2862 hic
1149 2802 1363 2884 requiruntur

310 2923 377 2964 non
400 2899 505 2963 solum
528 2899 569 2963 de
594 2899 656 2978 die,
682 2901 738 2966 sed
770 2900 811 2965 de
835 2905 940 2976 nocte,
969 2906 1102 2985 propter
1128 2899 1255 2965 iridem·
1273 2902 1361 2965 lunae

312 3008 346 3066 ct
369 3001 504 3066 circulos
528 3001 612 3065 circa
636 3022 706 3065 eam
731 3001 900 3066 coloratae.

358 3103 564 3188 Perspectiva
578 3123 655 3167 vero
678 3108 813 3188 propter
834 3102 886 3166 sui
909 3101 1188 3187 pulchritudinem
1205 3107 1239 3166 et
1254 3124 1362 3167 neces-

312 3205 452 3279 sitatem,
477 3226 550 3289 quae
581 3205 691 3267 omnia
721 3205 801 3268 facit
832 3204 922 3280 scire,
950 3209 1024 3268 tota
1057 3193 1196 3268 occurrit
1218 3204 1362 3289 legenda.

314 3307 350 3371 Si
373 3311 485 3370 tamen
507 3328 574 3369 non
597 3305 749 3369 habueris
773 3306 1009 3391 experientiam
1033 3307 1220 3392 figurarum,
1244 3307 1363 3393 princi-

313 3409 404 3494 pium
442 3429 545 3493 usque
578 3408 621 3472 ad
663 3407 786 3493 figuras
821 3429 856 3472 se
902 3407 1028 3493 praebet
1065 3409 1170 3495 magis
1208 3408 1363 3495 legibile;

218 3580 222 3591 ,
313 3516 412 3595 atque
444 3511 514 3594 ejus
547 3509 633 3588 finis,
657 3509 714 3594 qui
746 3514 821 3595 post
855 3510 1068 3595 figurationes
1103 3533 1238 3597 magnas
1273 3512 1364 3576 inve-

312 3612 431 3689 nietur,
455 3611 513 3674 ubi
547 3610 590 3674 ad
621 3611 819 3695 theologiam
852 3617 886 3675 et
923 3611 1085 3676 utilitates
1122 3613 1220 3696 hujus
1251 3613 1365 3676 mundi

312 3718 551 3800 comparantur.
598 3712 693 3776 Inter
725 3718 837 3777 tamen
869 3713 1079 3798 figurationes
1102 3718 1270 3799 ponuntur
1293 3714 1364 3777 ubi-

315 3837 377 3900 que
400 3816 559 3879 veritates
593 3814 765 3899 pulchrae;
797 3815 840 3877 ad
873 3836 954 3899 quas
989 3814 1018 3879 si
1049 3837 1116 3878 non
1140 3814 1364 3893 adduceretur,

314 3916 451 3980 seientia
466 3915 764 3993 demonstrationis,
780 3920 893 3981 tamen
909 3916 988 4000 quia
1002 3915 1045 3979 ab
1063 3916 1251 3980 auctoribus
1269 3918 1365 3981 certis
1393 3962 1397 3967 -

316 4018 478 4095 dicuntur,
503 4022 537 4081 et
571 4014 775 4101 experientia
806 4024 919 4082 nostra
953 4016 1080 4103 probat,
1118 4023 1257 4103 possunt
1294 4018 1364 4082 sine

315 4119 565 4204 figurationibus
588 4117 714 4203 concipi
737 4120 973 4203 quoquomod0,
996 4119 1146 4203 quamvis
1168 4119 1265 4205 plena
1291 4141 1365 4206 cog-

315 4221 399 4285 nitio
422 4225 473 4285 est
504 4221 540 4283 in
571 4220 692 4305 liguris.
741 4220 786 4285 Et
818 4221 869 4286 hic
901 4226 980 4285 sunt
1001 4221 1116 4285 multae
1143 4221 1364 4307 figurationes,

316 4342 397 4406 quas
427 4321 538 4385 nullus
572 4321 666 4386 daret
699 4342 758 4406 per
784 4344 937 4402 mensem,
959 4322 987 4386 si
1006 4320 1157 4406 jurasset,
1189 4329 1364 4408 quantum-

354 4659 359 4687 ¹
373 4658 459 4724 unam]
474 4659 564 4711 Added
571 4659 599 4709 in
607 4659 650 4710 the
660 4658 799 4723 margin,in
810 4674 825 4709 u
837 4673 906 4710 more
917 4667 1001 4711 recent
1012 4661 1092 4711 haud:
1114 4661 1172 4713 not.
1182 4661 1365 4712 lincolniensis.
