<?xml version="1.0" encoding="UTF-8"?>
<!DOCTYPE html PUBLIC "-//W3C//DTD XHTML 1.0 Transitional//EN"
    "http://www.w3.org/TR/xhtml1/DTD/xhtml1-transitional.dtd">
<html xmlns="http://www.w3.org/1999/xhtml" xml:lang="en" lang="en">
 <head>
  <title>
</title>
<meta http-equiv="Content-Type" content="text/html;charset=utf-8" />
  <meta name='ocr-system' content='tesseract 3.04.00' />
  <meta name='ocr-capabilities' content='ocr_page ocr_carea ocr_par ocr_line ocrx_word'/>
</head>
<body>
  <div class='ocr_page' id='page_1' title='image "./operaqudamhacte00bacogoog_0286.png"; bbox 0 0 3586 5640; ppageno 0'>
   <div class='ocr_carea' id='block_1_1' title="bbox 477 782 1527 871">
    <p class='ocr_par' dir='ltr' id='par_1_1' title="bbox 477 782 1527 871">
     <span class='ocr_line' id='line_1_1' title="bbox 477 782 1527 871; baseline -0.002 -18"><span class='ocrx_word' id='word_1_1' title='bbox 477 786 542 860; x_wconf 84' lang='lat'>170</span> <span class='ocrx_word' id='word_1_2' title='bbox 858 802 986 853; x_wconf 78' lang='lat' dir='ltr'>sooner</span> <span class='ocrx_word' id='word_1_3' title='bbox 1010 801 1155 852; x_wconf 79' lang='lat' dir='ltr'>sacoma</span> <span class='ocrx_word' id='word_1_4' title='bbox 1440 782 1527 871; x_wconf 75' lang='lat' dir='ltr'>[civ.</span> 
     </span>
    </p>
   </div>
   <div class='ocr_carea' id='block_1_2' title="bbox 475 977 1541 4251">
    <p class='ocr_par' dir='ltr' id='par_1_2' title="bbox 475 977 1541 4251">
     <span class='ocr_line' id='line_1_2' title="bbox 476 977 1529 1064; baseline 0.001 -22"><span class='ocrx_word' id='word_1_5' title='bbox 476 977 597 1042; x_wconf 85' lang='lat' dir='ltr'>habeat</span> <span class='ocrx_word' id='word_1_6' title='bbox 623 983 658 1042; x_wconf 89' lang='lat' dir='ltr'>et</span> <span class='ocrx_word' id='word_1_7' title='bbox 681 977 876 1064; x_wconf 75' lang='lat' dir='ltr'>positionem</span> <span class='ocrx_word' id='word_1_8' title='bbox 900 978 977 1044; x_wconf 89' lang='lat' dir='ltr'>licet</span> <span class='ocrx_word' id='word_1_9' title='bbox 1000 977 1189 1064; x_wconf 83' lang='lat' dir='ltr'><strong>simplicem,</strong></span> <span class='ocrx_word' id='word_1_10' title='bbox 1212 997 1280 1042; x_wconf 91' lang='lat' dir='ltr'>non</span> <span class='ocrx_word' id='word_1_11' title='bbox 1307 980 1442 1062; x_wconf 81' lang='lat' dir='ltr'>propter</span> <span class='ocrx_word' id='word_1_12' title='bbox 1467 977 1529 1044; x_wconf 91' lang='lat' dir='ltr'>hcc</span> 
     </span>
     <span class='ocr_line' id='line_1_3' title="bbox 475 1077 1530 1167; baseline 0 -23"><span class='ocrx_word' id='word_1_13' title='bbox 475 1079 697 1167; x_wconf 71' lang='lat' dir='ltr'>impedientur</span> <span class='ocrx_word' id='word_1_14' title='bbox 711 1081 855 1160; x_wconf 80' lang='lat' dir='ltr'>rationes</span> <span class='ocrx_word' id='word_1_15' title='bbox 869 1079 1044 1166; x_wconf 81' lang='lat' dir='ltr'>praedictae.</span> <span class='ocrx_word' id='word_1_16' title='bbox 1091 1080 1178 1161; x_wconf 80' lang='lat' dir='ltr'>Quia</span> <span class='ocrx_word' id='word_1_17' title='bbox 1192 1086 1253 1146; x_wconf 89' lang='lat' dir='ltr'>aut</span> <span class='ocrx_word' id='word_1_18' title='bbox 1267 1077 1331 1143; x_wconf 90' lang='lat' dir='ltr'>erit</span> <span class='ocrx_word' id='word_1_19' title='bbox 1341 1080 1479 1167; x_wconf 78' lang='lat' dir='ltr'>angelus</span> <span class='ocrx_word' id='word_1_20' title='bbox 1493 1079 1530 1144; x_wconf 93' lang='lat' dir='ltr'>in</span> 
     </span>
     <span class='ocr_line' id='line_1_4' title="bbox 476 1181 1531 1264; baseline 0 -17"><span class='ocrx_word' id='word_1_21' title='bbox 476 1182 547 1248; x_wconf 92' lang='lat' dir='ltr'>loco</span> <span class='ocrx_word' id='word_1_22' title='bbox 577 1182 773 1248; x_wconf 79' lang='lat' dir='ltr'>indivisibili</span> <span class='ocrx_word' id='word_1_23' title='bbox 795 1181 880 1249; x_wconf 84' lang='lat' dir='ltr'>aut¹</span> <span class='ocrx_word' id='word_1_24' title='bbox 914 1183 1096 1264; x_wconf 90' lang='lat' dir='ltr'>divisibili;</span> <span class='ocrx_word' id='word_1_25' title='bbox 1126 1184 1155 1249; x_wconf 91' lang='lat' dir='ltr'>si</span> <span class='ocrx_word' id='word_1_26' title='bbox 1184 1184 1222 1250; x_wconf 92' lang='lat' dir='ltr'>in</span> <span class='ocrx_word' id='word_1_27' title='bbox 1247 1184 1451 1262; x_wconf 79' lang='lat' dir='ltr'>indivisibili,</span> <span class='ocrx_word' id='word_1_28' title='bbox 1476 1181 1531 1248; x_wconf 88' lang='lat' dir='ltr'>vel</span> 
     </span>
     <span class='ocr_line' id='line_1_5' title="bbox 477 1284 1532 1373; baseline 0 -21"><span class='ocrx_word' id='word_1_29' title='bbox 477 1307 619 1373; x_wconf 86' lang='lat' dir='ltr'>praesens</span> <span class='ocrx_word' id='word_1_30' title='bbox 634 1285 704 1352; x_wconf 91' lang='lat' dir='ltr'>loco</span> <span class='ocrx_word' id='word_1_31' title='bbox 719 1286 788 1364; x_wconf 89' lang='lat' dir='ltr'>tali,</span> <span class='ocrx_word' id='word_1_32' title='bbox 805 1285 859 1352; x_wconf 89' lang='lat' dir='ltr'>vel</span> <span class='ocrx_word' id='word_1_33' title='bbox 874 1284 965 1365; x_wconf 65' lang='lat' dir='ltr'>tali,⁹</span> <span class='ocrx_word' id='word_1_34' title='bbox 987 1287 1223 1354; x_wconf 76' lang='lat' dir='ltr'>determinabit</span> <span class='ocrx_word' id='word_1_35' title='bbox 1238 1289 1302 1354; x_wconf 91' lang='lat' dir='ltr'>sibi</span> <span class='ocrx_word' id='word_1_36' title='bbox 1324 1291 1432 1356; x_wconf 89' lang='lat' dir='ltr'>locum</span> <span class='ocrx_word' id='word_1_37' title='bbox 1446 1285 1532 1352; x_wconf 89' lang='lat' dir='ltr'>indi-</span> 
     </span>
     <span class='ocr_line' id='line_1_6' title="bbox 479 1387 1532 1477; baseline 0 -25"><span class='ocrx_word' id='word_1_38' title='bbox 479 1388 652 1467; x_wconf 76' lang='lat' dir='ltr'>visibilem,</span> <span class='ocrx_word' id='word_1_39' title='bbox 677 1389 727 1454; x_wconf 88' lang='lat' dir='ltr'>ita</span> <span class='ocrx_word' id='word_1_40' title='bbox 750 1389 839 1475; x_wconf 92' lang='lat' dir='ltr'>quod</span> <span class='ocrx_word' id='word_1_41' title='bbox 860 1388 908 1454; x_wconf 91' lang='lat' dir='ltr'>ibi</span> <span class='ocrx_word' id='word_1_42' title='bbox 923 1394 974 1454; x_wconf 89' lang='lat' dir='ltr'>cst</span> <span class='ocrx_word' id='word_1_43' title='bbox 997 1389 1078 1455; x_wconf 92' lang='lat' dir='ltr'>dum</span> <span class='ocrx_word' id='word_1_44' title='bbox 1102 1391 1251 1477; x_wconf 86' lang='lat' dir='ltr'>quiescit,</span> <span class='ocrx_word' id='word_1_45' title='bbox 1278 1398 1314 1459; x_wconf 90' lang='lat' dir='ltr'>et</span> <span class='ocrx_word' id='word_1_46' title='bbox 1334 1413 1401 1458; x_wconf 90' lang='lat' dir='ltr'>non</span> <span class='ocrx_word' id='word_1_47' title='bbox 1427 1387 1532 1467; x_wconf 80' lang='lat' dir='ltr'>olibi3</span> 
     </span>
     <span class='ocr_line' id='line_1_7' title="bbox 477 1491 1531 1581; baseline -0.001 -25"><span class='ocrx_word' id='word_1_48' title='bbox 477 1491 555 1558; x_wconf 90' lang='lat' dir='ltr'>licet</span> <span class='ocrx_word' id='word_1_49' title='bbox 577 1514 643 1557; x_wconf 90' lang='lat' dir='ltr'>uon</span> <span class='ocrx_word' id='word_1_50' title='bbox 659 1492 888 1557; x_wconf 83' lang='lat' dir='ltr'>commetiatur</span> <span class='ocrx_word' id='word_1_51' title='bbox 909 1513 943 1558; x_wconf 89' lang='lat' dir='ltr'>se</span> <span class='ocrx_word' id='word_1_52' title='bbox 958 1491 1008 1557; x_wconf 91' lang='lat' dir='ltr'>illi</span> <span class='ocrx_word' id='word_1_53' title='bbox 1023 1492 1228 1575; x_wconf 73' lang='lat' dir='ltr'>indivisibili,</span> <span class='ocrx_word' id='word_1_54' title='bbox 1243 1517 1302 1581; x_wconf 91' lang='lat' dir='ltr'>per</span> <span class='ocrx_word' id='word_1_55' title='bbox 1319 1495 1429 1572; x_wconf 89' lang='lat' dir='ltr'>situm,</span> <span class='ocrx_word' id='word_1_56' title='bbox 1445 1493 1531 1558; x_wconf 88' lang='lat' dir='ltr'>sicut</span> 
     </span>
     <span class='ocr_line' id='line_1_8' title="bbox 478 1593 1532 1682; baseline 0 -23"><span class='ocrx_word' id='word_1_57' title='bbox 478 1593 679 1659; x_wconf 89' lang='lat' dir='ltr'>indivisibile</span> <span class='ocrx_word' id='word_1_58' title='bbox 704 1593 877 1680; x_wconf 88' lang='lat' dir='ltr'>corporale,</span> <span class='ocrx_word' id='word_1_59' title='bbox 902 1593 992 1680; x_wconf 90' lang='lat' dir='ltr'>quod</span> <span class='ocrx_word' id='word_1_60' title='bbox 1014 1600 1064 1660; x_wconf 90' lang='lat' dir='ltr'>est</span> <span class='ocrx_word' id='word_1_61' title='bbox 1083 1601 1226 1682; x_wconf 87' lang='lat' dir='ltr'>punctus</span> <span class='ocrx_word' id='word_1_62' title='bbox 1240 1597 1294 1663; x_wconf 92' lang='lat' dir='ltr'>vel</span> <span class='ocrx_word' id='word_1_63' title='bbox 1319 1602 1471 1673; x_wconf 83' lang='lat' dir='ltr'>stomus3</span> <span class='ocrx_word' id='word_1_64' title='bbox 1496 1598 1532 1660; x_wconf 84' lang='lat' dir='ltr'>et</span> 
     </span>
     <span class='ocr_line' id='line_1_9' title="bbox 478 1697 1533 1783; baseline -0.003 -19"><span class='ocrx_word' id='word_1_65' title='bbox 478 1703 558 1764; x_wconf 90' lang='lat' dir='ltr'>tunc</span> <span class='ocrx_word' id='word_1_66' title='bbox 579 1697 693 1762; x_wconf 82' lang='lat' dir='ltr'>eadem</span> <span class='ocrx_word' id='word_1_67' title='bbox 723 1697 989 1763; x_wconf 88' lang='lat' dir='ltr'>inconvenientia</span> <span class='ocrx_word' id='word_1_68' title='bbox 1017 1703 1201 1783; x_wconf 89' lang='lat' dir='ltr'>sequentur.</span> <span class='ocrx_word' id='word_1_69' title='bbox 1247 1699 1337 1765; x_wconf 89' lang='lat' dir='ltr'>Nam</span> <span class='ocrx_word' id='word_1_70' title='bbox 1363 1699 1408 1765; x_wconf 86' lang='lat' dir='ltr'>sit</span> <span class='ocrx_word' id='word_1_71' title='bbox 1434 1713 1457 1762; x_wconf 87' lang='grc' dir='ltr'><strong>Δ</strong></span> <span class='ocrx_word' id='word_1_72' title='bbox 1480 1697 1533 1762; x_wconf 92' lang='lat' dir='ltr'>in·</span> 
     </span>
     <span class='ocr_line' id='line_1_10' title="bbox 478 1799 1532 1889; baseline -0.002 -23"><span class='ocrx_word' id='word_1_73' title='bbox 478 1799 644 1866; x_wconf 90' lang='lat' dir='ltr'>divisibile</span> <span class='ocrx_word' id='word_1_74' title='bbox 658 1799 695 1864; x_wconf 92' lang='lat' dir='ltr'>in</span> <span class='ocrx_word' id='word_1_75' title='bbox 710 1800 827 1886; x_wconf 84' lang='lat' dir='ltr'>spatio,</span> <span class='ocrx_word' id='word_1_76' title='bbox 844 1799 897 1864; x_wconf 92' lang='lat' dir='ltr'>cui</span> <span class='ocrx_word' id='word_1_77' title='bbox 912 1822 1056 1887; x_wconf 84' lang='lat' dir='ltr'>praeseus</span> <span class='ocrx_word' id='word_1_78' title='bbox 1070 1801 1115 1867; x_wconf 88' lang='lat' dir='ltr'>sit</span> <span class='ocrx_word' id='word_1_79' title='bbox 1130 1801 1275 1889; x_wconf 78' lang='lat' dir='ltr'>angelus,</span> <span class='ocrx_word' id='word_1_80' title='bbox 1291 1807 1326 1868; x_wconf 88' lang='lat' dir='ltr'>et</span> <span class='ocrx_word' id='word_1_81' title='bbox 1344 1806 1396 1868; x_wconf 88' lang='lat' dir='ltr'>est</span> <span class='ocrx_word' id='word_1_82' title='bbox 1418 1799 1532 1867; x_wconf 90' lang='lat' dir='ltr'>termi-</span> 
     </span>
     <span class='ocr_line' id='line_1_11' title="bbox 479 1902 1533 1989; baseline 0 -21"><span class='ocrx_word' id='word_1_83' title='bbox 479 1923 542 1968; x_wconf 91' lang='lat' dir='ltr'>nus</span> <span class='ocrx_word' id='word_1_84' title='bbox 568 1924 589 1966; x_wconf 89' lang='lat' dir='ltr'>a</span> <span class='ocrx_word' id='word_1_85' title='bbox 613 1924 678 1988; x_wconf 92' lang='lat' dir='ltr'>quo</span> <span class='ocrx_word' id='word_1_86' title='bbox 703 1902 762 1968; x_wconf 86' lang='lat' dir='ltr'>fiet</span> <span class='ocrx_word' id='word_1_87' title='bbox 786 1908 917 1984; x_wconf 87' lang='lat' dir='ltr'>motus;</span> <span class='ocrx_word' id='word_1_88' title='bbox 947 1909 982 1968; x_wconf 90' lang='lat' dir='ltr'>et</span> <span class='ocrx_word' id='word_1_89' title='bbox 1004 1920 1026 1967; x_wconf 84' lang='grc' dir='ltr'>Β</span> <span class='ocrx_word' id='word_1_90' title='bbox 1050 1903 1095 1968; x_wconf 89' lang='lat' dir='ltr'>sit</span> <span class='ocrx_word' id='word_1_91' title='bbox 1120 1903 1323 1970; x_wconf 91' lang='lat' dir='ltr'>indivisibile</span> <span class='ocrx_word' id='word_1_92' title='bbox 1348 1903 1448 1984; x_wconf 88' lang='lat' dir='ltr'>aliud,</span> <span class='ocrx_word' id='word_1_93' title='bbox 1474 1902 1533 1989; x_wconf 92' lang='lat' dir='ltr'>qui</span> 
     </span>
     <span class='ocr_line' id='line_1_12' title="bbox 479 2005 1533 2094; baseline -0.002 -21"><span class='ocrx_word' id='word_1_94' title='bbox 479 2007 525 2073; x_wconf 91' lang='lat' dir='ltr'>sit</span> <span class='ocrx_word' id='word_1_95' title='bbox 539 2006 699 2072; x_wconf 79' lang='lat' dir='ltr'>terminus</span> <span class='ocrx_word' id='word_1_96' title='bbox 714 2006 839 2092; x_wconf 87' lang='lat' dir='ltr'>primus</span> <span class='ocrx_word' id='word_1_97' title='bbox 854 2011 888 2072; x_wconf 89' lang='lat' dir='ltr'>et</span> <span class='ocrx_word' id='word_1_98' title='bbox 910 2005 1211 2073; x_wconf 86' lang='lat' dir='ltr'>immediatissimus</span> <span class='ocrx_word' id='word_1_99' title='bbox 1233 2008 1277 2073; x_wconf 89' lang='lat' dir='ltr'>ad</span> <span class='ocrx_word' id='word_1_100' title='bbox 1298 2029 1398 2094; x_wconf 91' lang='lat' dir='ltr'>quem</span> <span class='ocrx_word' id='word_1_101' title='bbox 1419 2026 1533 2072; x_wconf 87' lang='lat' dir='ltr'>move-</span> 
     </span>
     <span class='ocr_line' id='line_1_13' title="bbox 479 2105 1532 2197; baseline -0.004 -21"><span class='ocrx_word' id='word_1_102' title='bbox 479 2109 572 2176; x_wconf 80' lang='lat' dir='ltr'>bitur</span> <span class='ocrx_word' id='word_1_103' title='bbox 594 2108 738 2196; x_wconf 82' lang='lat' dir='ltr'>angelus,</span> <span class='ocrx_word' id='word_1_104' title='bbox 762 2112 797 2174; x_wconf 90' lang='lat' dir='ltr'>et</span> <span class='ocrx_word' id='word_1_105' title='bbox 821 2109 874 2175; x_wconf 91' lang='lat' dir='ltr'>oui</span> <span class='ocrx_word' id='word_1_106' title='bbox 887 2131 1030 2196; x_wconf 86' lang='lat' dir='ltr'>praesens</span> <span class='ocrx_word' id='word_1_107' title='bbox 1052 2109 1111 2175; x_wconf 88' lang='lat' dir='ltr'>fiet</span> <span class='ocrx_word' id='word_1_108' title='bbox 1136 2132 1195 2197; x_wconf 86' lang='lat' dir='ltr'>per</span> <span class='ocrx_word' id='word_1_109' title='bbox 1220 2116 1357 2188; x_wconf 90' lang='lat' dir='ltr'>motum,</span> <span class='ocrx_word' id='word_1_110' title='bbox 1381 2109 1460 2176; x_wconf 87' lang='lat' dir='ltr'>licet</span> <span class='ocrx_word' id='word_1_111' title='bbox 1483 2105 1532 2174; x_wconf 82' lang='lat' dir='ltr'>ei⁸</span> 
     </span>
     <span class='ocr_line' id='line_1_14' title="bbox 480 2212 1533 2299; baseline -0.003 -21"><span class='ocrx_word' id='word_1_112' title='bbox 480 2234 547 2278; x_wconf 88' lang='lat' dir='ltr'>non</span> <span class='ocrx_word' id='word_1_113' title='bbox 571 2216 851 2278; x_wconf 85' lang='lat' dir='ltr'>commensuretur</span> <span class='ocrx_word' id='word_1_114' title='bbox 873 2233 932 2298; x_wconf 94' lang='lat' dir='ltr'>per</span> <span class='ocrx_word' id='word_1_115' title='bbox 961 2212 1073 2292; x_wconf 87' lang='lat' dir='ltr'>situm,</span> <span class='ocrx_word' id='word_1_116' title='bbox 1098 2213 1156 2278; x_wconf 84' lang='lat' dir='ltr'>sed</span> <span class='ocrx_word' id='word_1_117' title='bbox 1180 2213 1225 2279; x_wconf 88' lang='lat' dir='ltr'>sit</span> <span class='ocrx_word' id='word_1_118' title='bbox 1252 2213 1281 2278; x_wconf 86' lang='lat' dir='ltr'>ei</span> <span class='ocrx_word' id='word_1_119' title='bbox 1307 2232 1451 2299; x_wconf 81' lang='lat' dir='ltr'>praesens</span> <span class='ocrx_word' id='word_1_120' title='bbox 1474 2233 1533 2298; x_wconf 85' lang='lat' dir='ltr'>per</span> 
     </span>
     <span class='ocr_line' id='line_1_15' title="bbox 480 2313 1536 2402; baseline 0 -23"><span class='ocrx_word' id='word_1_121' title='bbox 480 2313 788 2380; x_wconf 85' lang='lat' dir='ltr'>determinationem</span> <span class='ocrx_word' id='word_1_122' title='bbox 814 2313 886 2391; x_wconf 90' lang='lat' dir='ltr'>loci,</span> <span class='ocrx_word' id='word_1_123' title='bbox 908 2319 948 2380; x_wconf 91' lang='lat' dir='ltr'>ut</span> <span class='ocrx_word' id='word_1_124' title='bbox 970 2336 1082 2380; x_wconf 88' lang='lat' dir='ltr'>omnes</span> <span class='ocrx_word' id='word_1_125' title='bbox 1108 2320 1244 2402; x_wconf 84' lang='lat' dir='ltr'>ponunt</span> <span class='ocrx_word' id='word_1_126' title='bbox 1291 2314 1337 2380; x_wconf 86' lang='lat' dir='ltr'>Et</span> <span class='ocrx_word' id='word_1_127' title='bbox 1360 2331 1381 2380; x_wconf 84' lang='lat' dir='ltr'>o</span> <span class='ocrx_word' id='word_1_128' title='bbox 1403 2315 1448 2380; x_wconf 92' lang='lat' dir='ltr'>sit</span> <span class='ocrx_word' id='word_1_129' title='bbox 1469 2318 1536 2379; x_wconf 85' lang='lat' dir='ltr'>ter·</span> 
     </span>
     <span class='ocr_line' id='line_1_16' title="bbox 481 2415 1534 2504; baseline -0.001 -22"><span class='ocrx_word' id='word_1_130' title='bbox 481 2417 566 2482; x_wconf 91' lang='lat' dir='ltr'>tium</span> <span class='ocrx_word' id='word_1_131' title='bbox 593 2415 796 2480; x_wconf 89' lang='lat' dir='ltr'>indivisibile</span> <span class='ocrx_word' id='word_1_132' title='bbox 818 2416 854 2480; x_wconf 94' lang='lat' dir='ltr'>in</span> <span class='ocrx_word' id='word_1_133' title='bbox 876 2417 992 2502; x_wconf 87' lang='lat' dir='ltr'>spatio,</span> <span class='ocrx_word' id='word_1_134' title='bbox 1014 2417 1325 2504; x_wconf 89' lang='lat' dir='ltr'>propinquissimum</span> <span class='ocrx_word' id='word_1_135' title='bbox 1348 2417 1412 2504; x_wconf 91' lang='lat' dir='ltr'>ipsi</span> <span class='ocrx_word' id='word_1_136' title='bbox 1434 2433 1476 2496; x_wconf 81' lang='grc' dir='ltr'>Β;</span> <span class='ocrx_word' id='word_1_137' title='bbox 1499 2420 1534 2482; x_wconf 89' lang='lat' dir='ltr'>at</span> 
     </span>
     <span class='ocr_line' id='line_1_17' title="bbox 483 2517 1531 2606; baseline 0.002 -23"><span class='ocrx_word' id='word_1_138' title='bbox 483 2534 507 2583; x_wconf 86' lang='lat' dir='ltr'><strong>D</strong></span> <span class='ocrx_word' id='word_1_139' title='bbox 536 2517 581 2583; x_wconf 90' lang='lat' dir='ltr'>sit</span> <span class='ocrx_word' id='word_1_140' title='bbox 610 2521 765 2602; x_wconf 86' lang='lat' dir='ltr'>quartum</span> <span class='ocrx_word' id='word_1_141' title='bbox 795 2517 1116 2584; x_wconf 84' lang='lat' dir='ltr'>immediatissimum</span> <span class='ocrx_word' id='word_1_142' title='bbox 1137 2519 1201 2606; x_wconf 88' lang='lat' dir='ltr'>ipsi</span> <span class='ocrx_word' id='word_1_143' title='bbox 1216 2537 1259 2600; x_wconf 77' lang='lat'>03</span> <span class='ocrx_word' id='word_1_144' title='bbox 1293 2523 1328 2586; x_wconf 92' lang='lat' dir='ltr'>et</span> <span class='ocrx_word' id='word_1_145' title='bbox 1357 2518 1404 2585; x_wconf 90' lang='lat' dir='ltr'>sic</span> <span class='ocrx_word' id='word_1_146' title='bbox 1432 2519 1531 2585; x_wconf 84' lang='lat' dir='ltr'>ultra.</span> 
     </span>
     <span class='ocr_line' id='line_1_18' title="bbox 483 2619 1534 2709; baseline 0.001 -22"><span class='ocrx_word' id='word_1_147' title='bbox 483 2619 569 2687; x_wconf 86' lang='lat' dir='ltr'>Cum</span> <span class='ocrx_word' id='word_1_148' title='bbox 591 2619 696 2706; x_wconf 80' lang='lat' dir='ltr'>igitur</span> <span class='ocrx_word' id='word_1_149' title='bbox 710 2619 846 2706; x_wconf 80' lang='lat' dir='ltr'>angelus</span> <span class='ocrx_word' id='word_1_150' title='bbox 860 2621 1038 2686; x_wconf 85' lang='lat' dir='ltr'>secundum</span> <span class='ocrx_word' id='word_1_151' title='bbox 1053 2621 1124 2688; x_wconf 81' lang='lat' dir='ltr'>hsce</span> <span class='ocrx_word' id='word_1_152' title='bbox 1145 2644 1213 2688; x_wconf 90' lang='lat' dir='ltr'>non</span> <span class='ocrx_word' id='word_1_153' title='bbox 1235 2625 1346 2709; x_wconf 85' lang='lat' dir='ltr'>potest</span> <span class='ocrx_word' id='word_1_154' title='bbox 1367 2643 1435 2688; x_wconf 88' lang='lat' dir='ltr'>ease</span> <span class='ocrx_word' id='word_1_155' title='bbox 1450 2642 1534 2708; x_wconf 80' lang='lat' dir='ltr'>prae-</span> 
     </span>
     <span class='ocr_line' id='line_1_19' title="bbox 482 2721 1534 2810; baseline 0.001 -23"><span class='ocrx_word' id='word_1_156' title='bbox 482 2743 556 2788; x_wconf 88' lang='lat' dir='ltr'>sens</span> <span class='ocrx_word' id='word_1_157' title='bbox 580 2721 645 2788; x_wconf 91' lang='lat' dir='ltr'>nisi</span> <span class='ocrx_word' id='word_1_158' title='bbox 666 2721 766 2788; x_wconf 92' lang='lat' dir='ltr'>alicui</span> <span class='ocrx_word' id='word_1_159' title='bbox 779 2721 977 2787; x_wconf 88' lang='lat' dir='ltr'>indivisibili</span> <span class='ocrx_word' id='word_1_160' title='bbox 991 2722 1060 2801; x_wconf 90' lang='lat' dir='ltr'>soli,</span> <span class='ocrx_word' id='word_1_161' title='bbox 1085 2728 1120 2788; x_wconf 87' lang='lat' dir='ltr'>et</span> <span class='ocrx_word' id='word_1_162' title='bbox 1141 2746 1200 2810; x_wconf 90' lang='lat' dir='ltr'>per</span> <span class='ocrx_word' id='word_1_163' title='bbox 1222 2723 1534 2790; x_wconf 74' lang='lat' dir='ltr'>transmutationem</span> 
     </span>
     <span class='ocr_line' id='line_1_20' title="bbox 482 2827 1536 2919; baseline -0.001 -24"><span class='ocrx_word' id='word_1_164' title='bbox 482 2829 542 2896; x_wconf 89' lang='lat' dir='ltr'>fiet</span> <span class='ocrx_word' id='word_1_165' title='bbox 565 2829 608 2895; x_wconf 80' lang='lat' dir='ltr'>ab</span> <span class='ocrx_word' id='word_1_166' title='bbox 622 2849 690 2895; x_wconf 90' lang='lat' dir='ltr'>uno</span> <span class='ocrx_word' id='word_1_167' title='bbox 704 2827 899 2895; x_wconf 90' lang='lat' dir='ltr'>indivisibili</span> <span class='ocrx_word' id='word_1_168' title='bbox 914 2828 952 2894; x_wconf 91' lang='lat' dir='ltr'>in</span> <span class='ocrx_word' id='word_1_169' title='bbox 966 2828 1066 2908; x_wconf 86' lang='lat' dir='ltr'>aliud,</span> <span class='ocrx_word' id='word_1_170' title='bbox 1090 2834 1125 2896; x_wconf 88' lang='lat' dir='ltr'>et</span> <span class='ocrx_word' id='word_1_171' title='bbox 1139 2831 1274 2919; x_wconf 81' lang='lat' dir='ltr'>angelus</span> <span class='ocrx_word' id='word_1_172' title='bbox 1296 2830 1425 2896; x_wconf 88' lang='lat' dir='ltr'>nullum</span> <span class='ocrx_word' id='word_1_173' title='bbox 1449 2829 1536 2895; x_wconf 91' lang='lat' dir='ltr'>indi·</span> 
     </span>
     <span class='ocr_line' id='line_1_21' title="bbox 484 2929 1536 3019; baseline 0.001 -22"><span class='ocrx_word' id='word_1_174' title='bbox 484 2931 611 2998; x_wconf 88' lang='lat' dir='ltr'>visibile</span> <span class='ocrx_word' id='word_1_175' title='bbox 638 2929 781 2998; x_wconf 69' lang='lat' dir='ltr'>omittit*</span> <span class='ocrx_word' id='word_1_176' title='bbox 806 2932 843 2997; x_wconf 91' lang='lat' dir='ltr'>in</span> <span class='ocrx_word' id='word_1_177' title='bbox 867 2953 927 2998; x_wconf 89' lang='lat' dir='ltr'>suo</span> <span class='ocrx_word' id='word_1_178' title='bbox 948 2932 1101 3010; x_wconf 83' lang='lat' dir='ltr'>transitu,</span> <span class='ocrx_word' id='word_1_179' title='bbox 1125 2955 1185 2998; x_wconf 90' lang='lat' dir='ltr'>nec</span> <span class='ocrx_word' id='word_1_180' title='bbox 1210 2933 1336 3019; x_wconf 88' lang='lat' dir='ltr'>aliquid</span> <span class='ocrx_word' id='word_1_181' title='bbox 1360 2931 1402 2998; x_wconf 88' lang='lat' dir='ltr'>de</span> <span class='ocrx_word' id='word_1_182' title='bbox 1427 2932 1536 3019; x_wconf 87' lang='lat' dir='ltr'>spatio</span> 
     </span>
     <span class='ocr_line' id='line_1_22' title="bbox 482 3035 1537 3122; baseline -0.003 -20"><span class='ocrx_word' id='word_1_183' title='bbox 482 3040 591 3122; x_wconf 86' lang='lat' dir='ltr'>potest</span> <span class='ocrx_word' id='word_1_184' title='bbox 621 3035 786 3117; x_wconf 88' lang='lat' dir='ltr'>omittere,</span> <span class='ocrx_word' id='word_1_185' title='bbox 808 3055 883 3100; x_wconf 88' lang='lat' dir='ltr'>cum</span> <span class='ocrx_word' id='word_1_186' title='bbox 906 3039 1018 3101; x_wconf 86' lang='lat' dir='ltr'>totum</span> <span class='ocrx_word' id='word_1_187' title='bbox 1047 3040 1196 3101; x_wconf 86' lang='lat' dir='ltr'>transeat</span> <span class='ocrx_word' id='word_1_188' title='bbox 1208 3059 1216 3116; x_wconf 89' lang='lat'>;</span> <span class='ocrx_word' id='word_1_189' title='bbox 1239 3035 1454 3101; x_wconf 85' lang='lat' dir='ltr'>manifestum</span> <span class='ocrx_word' id='word_1_190' title='bbox 1484 3040 1537 3100; x_wconf 90' lang='lat' dir='ltr'>est</span> 
     </span>
     <span class='ocr_line' id='line_1_23' title="bbox 482 3136 1537 3225; baseline -0.001 -22"><span class='ocrx_word' id='word_1_191' title='bbox 482 3137 587 3225; x_wconf 80' lang='lat' dir='ltr'>igitur</span> <span class='ocrx_word' id='word_1_192' title='bbox 606 3139 694 3223; x_wconf 91' lang='lat' dir='ltr'>quod</span> <span class='ocrx_word' id='word_1_193' title='bbox 710 3159 837 3224; x_wconf 87' lang='lat' dir='ltr'>semper</span> <span class='ocrx_word' id='word_1_194' title='bbox 851 3136 1067 3224; x_wconf 78' lang='lat' dir='ltr'>pertransibit</span> <span class='ocrx_word' id='word_1_195' title='bbox 1080 3136 1306 3218; x_wconf 84' lang='lat' dir='ltr'>indivisibilis,</span> <span class='ocrx_word' id='word_1_196' title='bbox 1330 3137 1415 3204; x_wconf 87' lang='lat' dir='ltr'>sicut</span> <span class='ocrx_word' id='word_1_197' title='bbox 1434 3159 1537 3224; x_wconf 91' lang='lat' dir='ltr'>punc·</span> 
     </span>
     <span class='ocr_line' id='line_1_24' title="bbox 484 3239 1538 3325; baseline -0.002 -19"><span class='ocrx_word' id='word_1_198' title='bbox 484 3246 539 3306; x_wconf 89' lang='lat' dir='ltr'>tus</span> <span class='ocrx_word' id='word_1_199' title='bbox 569 3241 746 3325; x_wconf 81' lang='lat' dir='ltr'>corporalis</span> <span class='ocrx_word' id='word_1_200' title='bbox 775 3241 953 3320; x_wconf 89' lang='lat' dir='ltr'>transiret;</span> <span class='ocrx_word' id='word_1_201' title='bbox 977 3239 1034 3305; x_wconf 87' lang='lat' dir='ltr'>sed</span> <span class='ocrx_word' id='word_1_202' title='bbox 1060 3241 1167 3305; x_wconf 90' lang='lat' dir='ltr'>solum</span> <span class='ocrx_word' id='word_1_203' title='bbox 1193 3240 1257 3305; x_wconf 90' lang='lat' dir='ltr'>erit</span> <span class='ocrx_word' id='word_1_204' title='bbox 1284 3239 1473 3305; x_wconf 80' lang='lat' dir='ltr'>differentia</span> <span class='ocrx_word' id='word_1_205' title='bbox 1502 3239 1538 3304; x_wconf 92' lang='lat' dir='ltr'>in</span> 
     </span>
     <span class='ocr_line' id='line_1_25' title="bbox 484 3341 1539 3430; baseline -0.003 -21"><span class='ocrx_word' id='word_1_206' title='bbox 484 3343 561 3409; x_wconf 88' lang='lat' dir='ltr'>situ.</span> <span class='ocrx_word' id='word_1_207' title='bbox 610 3341 758 3408; x_wconf 79' lang='lat' dir='ltr'>Prsesens</span> <span class='ocrx_word' id='word_1_208' title='bbox 784 3346 897 3408; x_wconf 85' lang='lat' dir='ltr'>tamen</span> <span class='ocrx_word' id='word_1_209' title='bbox 919 3342 984 3408; x_wconf 90' lang='lat' dir='ltr'>erit</span> <span class='ocrx_word' id='word_1_210' title='bbox 1013 3342 1149 3430; x_wconf 87' lang='lat' dir='ltr'>angelus</span> <span class='ocrx_word' id='word_1_211' title='bbox 1179 3342 1316 3408; x_wconf 82' lang='lat' dir='ltr'>cuilibet</span> <span class='ocrx_word' id='word_1_212' title='bbox 1343 3341 1539 3407; x_wconf 89' lang='lat' dir='ltr'>indivisibili</span> 
     </span>
     <span class='ocr_line' id='line_1_26' title="bbox 484 3444 1538 3532; baseline 0 -23"><span class='ocrx_word' id='word_1_213' title='bbox 484 3444 571 3509; x_wconf 90' lang='lat' dir='ltr'>sicut</span> <span class='ocrx_word' id='word_1_214' title='bbox 593 3449 734 3530; x_wconf 88' lang='lat' dir='ltr'>punctus</span> <span class='ocrx_word' id='word_1_215' title='bbox 746 3469 755 3522; x_wconf 88' lang='lat'>;</span> <span class='ocrx_word' id='word_1_216' title='bbox 779 3467 857 3532; x_wconf 83' lang='lat' dir='ltr'>ergo</span> <span class='ocrx_word' id='word_1_217' title='bbox 879 3445 964 3511; x_wconf 90' lang='lat' dir='ltr'>sicut</span> <span class='ocrx_word' id='word_1_218' title='bbox 990 3444 1025 3509; x_wconf 94' lang='lat' dir='ltr'>in</span> <span class='ocrx_word' id='word_1_219' title='bbox 1051 3446 1196 3511; x_wconf 81' lang='lat' dir='ltr'>transitu</span> <span class='ocrx_word' id='word_1_220' title='bbox 1216 3445 1331 3531; x_wconf 90' lang='lat' dir='ltr'>puncti</span> <span class='ocrx_word' id='word_1_221' title='bbox 1353 3444 1538 3510; x_wconf 87' lang='lat' dir='ltr'>acciderent</span> 
     </span>
     <span class='ocr_line' id='line_1_27' title="bbox 485 3546 1539 3635; baseline -0.001 -22"><span class='ocrx_word' id='word_1_222' title='bbox 485 3547 552 3613; x_wconf 90' lang='lat' dir='ltr'>duo</span> <span class='ocrx_word' id='word_1_223' title='bbox 571 3547 844 3628; x_wconf 83' lang='lat' dir='ltr'>inconvenientia,</span> <span class='ocrx_word' id='word_1_224' title='bbox 866 3546 955 3635; x_wconf 91' lang='lat' dir='ltr'>quod</span> <span class='ocrx_word' id='word_1_225' title='bbox 975 3548 1150 3613; x_wconf 87' lang='lat' dir='ltr'>minimum</span> <span class='ocrx_word' id='word_1_226' title='bbox 1175 3549 1320 3635; x_wconf 89' lang='lat' dir='ltr'>spatium</span> <span class='ocrx_word' id='word_1_227' title='bbox 1342 3549 1409 3612; x_wconf 85' lang='lat' dir='ltr'>non</span> <span class='ocrx_word' id='word_1_228' title='bbox 1432 3552 1539 3612; x_wconf 86' lang='lat' dir='ltr'>trans-</span> 
     </span>
     <span class='ocr_line' id='line_1_28' title="bbox 483 3633 1539 3737; baseline -0.001 -21"><span class='ocrx_word' id='word_1_229' title='bbox 483 3651 558 3730; x_wconf 84' lang='lat' dir='ltr'>iret,</span> <span class='ocrx_word' id='word_1_230' title='bbox 597 3650 675 3736; x_wconf 83' lang='lat' dir='ltr'>quia</span> <span class='ocrx_word' id='word_1_231' title='bbox 704 3649 837 3715; x_wconf 83' lang='lat' dir='ltr'>infinita</span> <span class='ocrx_word' id='word_1_232' title='bbox 866 3654 946 3715; x_wconf 89' lang='lat' dir='ltr'>sunt</span> <span class='ocrx_word' id='word_1_233' title='bbox 975 3656 1100 3737; x_wconf 87' lang='lat' dir='ltr'>puncta</span> <span class='ocrx_word' id='word_1_234' title='bbox 1128 3650 1164 3715; x_wconf 92' lang='lat' dir='ltr'>in</span> <span class='ocrx_word' id='word_1_235' title='bbox 1197 3633 1353 3736; x_wconf 80' lang='lat' dir='ltr'>quolibet,</span> <span class='ocrx_word' id='word_1_236' title='bbox 1385 3653 1420 3715; x_wconf 90' lang='lat' dir='ltr'>et</span> <span class='ocrx_word' id='word_1_237' title='bbox 1449 3649 1539 3736; x_wconf 90' lang='lat' dir='ltr'>quod</span> 
     </span>
     <span class='ocr_line' id='line_1_29' title="bbox 485 3752 1538 3840; baseline -0.002 -21"><span class='ocrx_word' id='word_1_238' title='bbox 485 3753 656 3840; x_wconf 89' lang='lat' dir='ltr'>quantitas</span> <span class='ocrx_word' id='word_1_239' title='bbox 685 3753 730 3818; x_wconf 88' lang='lat' dir='ltr'>sit</span> <span class='ocrx_word' id='word_1_240' title='bbox 752 3774 794 3817; x_wconf 84' lang='lat' dir='ltr'>ex</span> <span class='ocrx_word' id='word_1_241' title='bbox 812 3753 967 3838; x_wconf 74' lang='lat' dir='ltr'>punctis,</span> <span class='ocrx_word' id='word_1_242' title='bbox 990 3753 1036 3818; x_wconf 90' lang='lat' dir='ltr'>sic</span> <span class='ocrx_word' id='word_1_243' title='bbox 1058 3753 1123 3818; x_wconf 87' lang='lat' dir='ltr'>erit</span> <span class='ocrx_word' id='word_1_244' title='bbox 1145 3753 1206 3818; x_wconf 92' lang='lat' dir='ltr'>hic.</span> <span class='ocrx_word' id='word_1_245' title='bbox 1252 3752 1298 3818; x_wconf 81' lang='lat' dir='ltr'>Et</span> <span class='ocrx_word' id='word_1_246' title='bbox 1320 3752 1422 3818; x_wconf 86' lang='lat' dir='ltr'>tertia</span> <span class='ocrx_word' id='word_1_247' title='bbox 1452 3752 1538 3817; x_wconf 85' lang='lat' dir='ltr'>ratio</span> 
     </span>
     <span class='ocr_line' id='line_1_30' title="bbox 483 3853 1541 3943; baseline -0.001 -22"><span class='ocrx_word' id='word_1_248' title='bbox 483 3878 551 3923; x_wconf 92' lang='lat' dir='ltr'>non</span> <span class='ocrx_word' id='word_1_249' title='bbox 575 3860 686 3943; x_wconf 87' lang='lat' dir='ltr'>potest</span> <span class='ocrx_word' id='word_1_250' title='bbox 706 3854 856 3941; x_wconf 84' lang='lat' dir='ltr'>impediri</span> <span class='ocrx_word' id='word_1_251' title='bbox 872 3881 879 3935; x_wconf 93' lang='lat'>;</span> <span class='ocrx_word' id='word_1_252' title='bbox 902 3856 981 3942; x_wconf 83' lang='lat' dir='ltr'>quia</span> <span class='ocrx_word' id='word_1_253' title='bbox 994 3854 1074 3920; x_wconf 91' lang='lat' dir='ltr'>dum</span> <span class='ocrx_word' id='word_1_254' title='bbox 1090 3860 1141 3921; x_wconf 88' lang='lat' dir='ltr'>eat</span> <span class='ocrx_word' id='word_1_255' title='bbox 1156 3876 1298 3942; x_wconf 85' lang='lat' dir='ltr'>praeseus</span> <span class='ocrx_word' id='word_1_256' title='bbox 1320 3853 1383 3940; x_wconf 86' lang='lat' dir='ltr'>ipsi</span> <span class='ocrx_word' id='word_1_257' title='bbox 1397 3868 1421 3918; x_wconf 78' lang='lat' dir='ltr'>A</span> <span class='ocrx_word' id='word_1_258' title='bbox 1436 3855 1541 3940; x_wconf 81' lang='lat' dir='ltr'>quica-</span> 
     </span>
     <span class='ocr_line' id='line_1_31' title="bbox 484 3957 1540 4045; baseline -0.004 -20"><span class='ocrx_word' id='word_1_259' title='bbox 484 3960 553 4038; x_wconf 83' lang='lat' dir='ltr'>cit3</span> <span class='ocrx_word' id='word_1_260' title='bbox 576 3964 611 4026; x_wconf 89' lang='lat' dir='ltr'>et</span> <span class='ocrx_word' id='word_1_261' title='bbox 633 3959 713 4024; x_wconf 93' lang='lat' dir='ltr'>dum</span> <span class='ocrx_word' id='word_1_262' title='bbox 736 3961 788 4024; x_wconf 85' lang='lat' dir='ltr'>est</span> <span class='ocrx_word' id='word_1_263' title='bbox 802 3958 953 4024; x_wconf 86' lang='lat' dir='ltr'>totaliter</span> <span class='ocrx_word' id='word_1_264' title='bbox 970 3979 1113 4045; x_wconf 82' lang='lat' dir='ltr'>praesens</span> <span class='ocrx_word' id='word_1_265' title='bbox 1129 3958 1229 4044; x_wconf 85' lang='lat' dir='ltr'>ipsis</span> <span class='ocrx_word' id='word_1_266' title='bbox 1244 3957 1400 4044; x_wconf 81' lang='lat' dir='ltr'>quiescit3</span> <span class='ocrx_word' id='word_1_267' title='bbox 1424 3961 1459 4022; x_wconf 88' lang='lat' dir='ltr'>et</span> <span class='ocrx_word' id='word_1_268' title='bbox 1473 3978 1540 4022; x_wconf 90' lang='lat' dir='ltr'>non</span> 
     </span>
     <span class='ocr_line' id='line_1_32' title="bbox 484 4057 1541 4148; baseline -0.003 -20"><span class='ocrx_word' id='word_1_269' title='bbox 484 4066 594 4148; x_wconf 83' lang='lat' dir='ltr'>potest</span> <span class='ocrx_word' id='word_1_270' title='bbox 620 4057 707 4127; x_wconf 85' lang='lat' dir='ltr'>esse⁶</span> <span class='ocrx_word' id='word_1_271' title='bbox 738 4060 917 4126; x_wconf 88' lang='lat' dir='ltr'>secundum</span> <span class='ocrx_word' id='word_1_272' title='bbox 942 4067 1070 4148; x_wconf 85' lang='lat' dir='ltr'>partem</span> <span class='ocrx_word' id='word_1_273' title='bbox 1092 4081 1194 4126; x_wconf 85' lang='lat' dir='ltr'>unam</span> <span class='ocrx_word' id='word_1_274' title='bbox 1217 4081 1361 4147; x_wconf 84' lang='lat' dir='ltr'>praescns</span> <span class='ocrx_word' id='word_1_275' title='bbox 1379 4074 1412 4138; x_wconf 81' lang='lat' dir='ltr'>A,</span> <span class='ocrx_word' id='word_1_276' title='bbox 1436 4064 1472 4125; x_wconf 86' lang='lat' dir='ltr'>ct</span> <span class='ocrx_word' id='word_1_277' title='bbox 1490 4080 1541 4125; x_wconf 84' lang='lat' dir='ltr'>ae·</span> 
     </span>
     <span class='ocr_line' id='line_1_33' title="bbox 485 4161 1540 4251; baseline -0.003 -21"><span class='ocrx_word' id='word_1_278' title='bbox 485 4164 629 4230; x_wconf 87' lang='lat' dir='ltr'>cundum</span> <span class='ocrx_word' id='word_1_279' title='bbox 653 4163 754 4229; x_wconf 80' lang='lat' dir='ltr'>sliam</span> <span class='ocrx_word' id='word_1_280' title='bbox 778 4185 921 4251; x_wconf 87' lang='lat' dir='ltr'>praesens</span> <span class='ocrx_word' id='word_1_281' title='bbox 936 4164 1000 4251; x_wconf 91' lang='lat' dir='ltr'>ipsi</span> <span class='ocrx_word' id='word_1_282' title='bbox 1015 4180 1045 4243; x_wconf 79' lang='lat' dir='ltr'>n,</span> <span class='ocrx_word' id='word_1_283' title='bbox 1065 4163 1145 4250; x_wconf 90' lang='lat' dir='ltr'>quia</span> <span class='ocrx_word' id='word_1_284' title='bbox 1167 4161 1379 4229; x_wconf 84' lang='lat' dir='ltr'>indivisibilis</span> <span class='ocrx_word' id='word_1_285' title='bbox 1403 4167 1454 4227; x_wconf 88' lang='lat' dir='ltr'>est</span> <span class='ocrx_word' id='word_1_286' title='bbox 1466 4185 1474 4244; x_wconf 90' lang='lat'>;</span> <span class='ocrx_word' id='word_1_287' title='bbox 1505 4165 1540 4228; x_wconf 84' lang='lat' dir='ltr'>ct</span> 
     </span>
    </p>
   </div>
   <div class='ocr_carea' id='block_1_3' title="bbox 1072 4548 1368 4618">
    <p class='ocr_par' dir='ltr' id='par_1_3' title="bbox 1072 4548 1368 4618">
     <span class='ocr_line' id='line_1_34' title="bbox 1072 4548 1368 4618; baseline 0.003 -17"><span class='ocrx_word' id='word_1_288' title='bbox 1072 4551 1194 4618; x_wconf 63' lang='lat' dir='ltr'>*ominid</span> <span class='ocrx_word' id='word_1_289' title='bbox 1214 4551 1320 4614; x_wconf 81' lang='lat' dir='ltr'>omittat,</span> <span class='ocrx_word' id='word_1_290' title='bbox 1338 4548 1368 4602; x_wconf 85' lang='grc' dir='ltr'>Τ.</span> 
     </span>
    </p>
   </div>
   <div class='ocr_carea' id='block_1_4' title="bbox 0 0 1814 5640">
    <p class='ocr_par' dir='ltr' id='par_1_4' title="bbox 0 0 1814 5640">
     <span class='ocr_line' id='line_1_35' title="bbox 0 0 1814 5640; baseline 0 0"><span class='ocrx_word' id='word_1_291' title='bbox 0 0 1814 5640; x_wconf 95' lang='lat' dir='ltr'> </span> 
     </span>
    </p>
   </div>
  </div>
 </body>
</html>
