3586 5640
718 782 805 832 orus
826 782 947 834 uruca
1294 769 1356 834 361

305 951 416 1017 dictae
463 951 596 1038 Anglici
629 973 708 1016 vero
740 951 825 1017 hanc
855 951 1042 1038 opinionem
1070 951 1278 1038 reliquerunt
1300 974 1360 1039 pro
1372 962 1423 1039 anu
1433 961 1503 1028 ung-

305 1051 506 1140 impoeaibili,
539 1064 572 1119 et
604 1054 720 1118 dicunt
751 1054 839 1139 quod
872 1075 914 1118 ox
946 1075 1013 1118 uno
1047 1074 1114 1119 non
1145 1058 1256 1139 potest
1288 1027 1528 1149 Midum-

306 1156 457 1234 mixtum,
490 1155 568 1241 quia
606 1155 778 1242 quodlibet
815 1155 1015 1222 elementum
1053 1160 1104 1220 est
1141 1155 1177 1219 in
1210 1156 1361 1242 potentia
1372 1159 1478 1214 nidmu

306 1257 350 1321 od
379 1257 558 1343 quodlibet,
590 1263 629 1322 ut
659 1258 740 1323 dicit
767 1257 965 1324 Aristotelea
999 1258 1140 1323 secundo
1175 1257 1227 1322 De
1257 1257 1362 1324 Gene-

306 1357 481 1440 ration03¹
528 1359 616 1425 unde
648 1360 685 1424 in
715 1366 803 1426 terra
833 1365 884 1426 eat
917 1360 1069 1446 potentia
1105 1359 1149 1424 ad
1186 1359 1251 1425 alia
1286 1359 1361 1439 tria,

307 1462 386 1546 quia
408 1462 448 1527 do
470 1472 558 1527 terra
586 1466 697 1547 potest
719 1463 791 1527 fieri
813 1462 910 1549 ignia,
935 1485 1022 1548 aqua
1052 1469 1087 1528 et
1108 1468 1172 1529 aer.
1219 1462 1264 1528 Et
1286 1484 1361 1528 cum

307 1563 419 1628 omnia
448 1562 556 1629 mixta
577 1566 664 1629 fiunt
696 1586 739 1630 ex
772 1571 860 1630 terra
883 1565 936 1629 vel
968 1586 1055 1650 aquo
1084 1566 1291 1642 naturaliter,
1321 1570 1361 1629 ut

306 1664 388 1728 dicit
409 1664 605 1731 Aristotelea
636 1672 754 1751 quarto
788 1667 838 1731 De
866 1666 1102 1752 Metaphyaioa,
1135 1667 1224 1752 quod
1257 1672 1356 1744 terra,

306 1789 401 1852 aqua,
425 1773 459 1833 et
491 1773 549 1832 aer
582 1783 660 1833 sunt
692 1770 847 1855 contigua
882 1773 917 1834 ct
950 1769 1014 1833 aibi
1045 1770 1195 1856 proxima
1224 1770 1260 1834 in
1289 1769 1360 1834 loco

306 1869 527 1955 generationis
557 1891 667 1935 rerum
679 1893 687 1950 ;
710 1876 744 1935 et
775 1871 840 1936 duo
863 1870 1025 1935 elementa
1055 1871 1200 1936 alterant
1222 1870 1360 1937 tertium

307 1971 350 2036 ad
381 1993 474 2037 suam
508 1975 661 2036 naturam
673 1996 682 2052 3
705 1977 744 2036 ut
777 1972 806 2036 ai
840 1993 881 2036 ex
917 1978 1006 2037 terra
1043 1973 1163 2038 debeat
1200 1973 1272 2040 fieri
1310 1995 1363 2039 res

306 2073 425 2159 aliqua,
450 2077 530 2138 tunc
552 2079 608 2137 aer
631 2078 666 2137 et
697 2095 784 2158 aqua
810 2080 989 2160 praeacntea
1018 2075 1049 2141 ei
1079 2075 1225 2141 alterant
1255 2076 1361 2162 ipsam

307 2175 351 2239 ad
374 2181 527 2239 naturam
550 2196 645 2259 aquae
667 2180 702 2239 et
723 2198 741 2240 e
764 2197 937 2255 converso;
959 2182 994 2242 et
1014 2179 1123 2243 virtus
1145 2177 1220 2243 coeli
1242 2177 1362 2242 alterat

307 2298 380 2342 eam
404 2276 446 2340 ad
477 2281 628 2340 naturam
659 2276 769 2363 ignia:
808 2283 843 2343 et
874 2277 1087 2364 producimur
1110 2279 1235 2345 virtute
1257 2279 1361 2345 trium

307 2378 544 2444 elementorum
566 2377 650 2443 citra
671 2378 890 2446 intentionem
907 2379 961 2445 vel
983 2381 1067 2446 citra
1088 2382 1361 2468 complementum

307 2479 416 2546 medio
453 2480 550 2546 modo
588 2479 677 2545 inter
714 2487 824 2547 actum
862 2487 897 2547 et
934 2466 1051 2569 puram
1084 2483 1289 2571 potentiam:
1326 2488 1362 2549 et

309 2584 483 2649 dicendum
498 2582 568 2648 haec
582 2583 751 2668 generatio
767 2585 868 2649 trium
892 2584 1128 2652 elementorum
1150 2586 1211 2652 fiat
1232 2607 1361 2652 necesso

309 2691 368 2766 est,
393 2685 480 2770 quod
512 2689 633 2750 natura
670 2686 781 2772 quarti
815 2686 979 2769 clementi,
1014 2688 1103 2774 quod
1133 2693 1185 2754 eat
1210 2689 1360 2754 naturale

309 2787 503 2874 principium
536 2788 758 2874 corrumpitur
780 2789 865 2854 citra
896 2789 1139 2869 intentionem
1161 2795 1196 2854 et
1226 2790 1273 2854 sic
1303 2789 1361 2854 fiet

309 2891 452 2955 mixtum
487 2887 529 2953 ex
563 2889 725 2969 omnibus,
749 2896 783 2954 et
817 2912 944 2970 unum3
978 2890 1057 2975 quia
1079 2891 1140 2955 sub
1174 2891 1362 2975 quantitate

308 2992 469 3079 corporali
500 2990 624 3057 scilicet
658 2991 719 3056 sub
752 2993 942 3076 quantitate
973 2996 1072 3056 terrae
1109 2991 1197 3055 fiunt
1233 2996 1362 3056 naturae

308 3095 456 3161 omnium
478 3092 715 3158 elementorum
727 3115 735 3171 ;
759 3097 793 3156 et
816 3092 863 3156 sic
884 3113 987 3156 unum
1011 3091 1075 3156 erit
1097 3091 1249 3156 mixtum.

354 3197 420 3262 Sed
444 3194 560 3260 melius
582 3199 691 3279 potest
713 3193 778 3258 dici
811 3194 898 3279 quod
921 3193 1028 3259 virtus
1051 3194 1125 3260 coeli
1162 3193 1283 3260 sufficit
1320 3196 1363 3261 ad

308 3298 554 3383 generationem
570 3295 676 3372 mixti,
693 3316 752 3361 nec
775 3301 906 3382 oportet
928 3296 1092 3381 requirere
1115 3295 1181 3362 tria
1203 3297 1364 3363 elementa

309 3420 437 3484 comper
468 3397 566 3461 simul
598 3395 633 3460 in
661 3398 751 3461 omni
785 3398 1005 3484 generatione,
1029 3399 1107 3484 quia
1144 3421 1212 3465 non
1244 3400 1365 3469 transit

309 3507 366 3566 aer
388 3522 446 3587 per
473 3499 618 3564 medium
642 3522 736 3586 aquae
768 3501 866 3565 maris
894 3500 937 3565 ad
960 3504 1091 3580 terram,
1114 3523 1174 3567 nec
1196 3502 1283 3588 ignia
1313 3525 1362 3567 ro-

309 3603 455 3690 quiritur
484 3623 544 3688 pro
575 3604 697 3689 agenti,
722 3603 823 3668 immo
850 3603 959 3667 virtus
989 3602 1064 3668 coeli
1093 3603 1275 3688 requiritur
1305 3619 1384 3689 pro·

309 3729 357 3772 ec.
403 3705 447 3768 Et
470 3702 544 3768 ideo
567 3705 718 3770 similiter
740 3726 799 3791 pro
822 3705 895 3769 aliia
918 3703 1046 3770 sufficit.
1093 3704 1188 3769 Etsi
1211 3726 1253 3769 ex
1276 3709 1364 3771 terra

308 3811 485 3893 generatur
514 3804 648 3891 aliquid,
674 3807 728 3872 vel
759 3828 801 3871 ex
831 3829 926 3893 aqua,
950 3827 1018 3871 non
1042 3810 1173 3891 oportet
1203 3806 1292 3891 quod
1322 3828 1363 3872 ex

309 3919 429 3976 natura
454 3915 559 3989 terrae,
585 3931 658 3995 quae
682 3909 773 3995 prius
799 3909 874 3985 suit,
899 3913 1067 3974 remaneat
1094 3908 1176 3973 citra
1205 3908 1364 3975 intentio·

309 4035 392 4079 nem.
439 4012 505 4078 Sed
523 4012 609 4079 sicut
629 4018 751 4078 natura
772 4012 876 4077 trium
898 4011 1134 4078 elementorum
1153 4011 1194 4077 de
1216 4011 1365 4096 potentia

310 4115 456 4182 materiae
479 4116 658 4181 deducetur
687 4137 745 4201 per
775 4115 1017 4200 corruptionem
1049 4118 1178 4180 naturae
1198 4114 1363 4200 specificae,

310 4217 374 4282 sibi
397 4217 578 4296 contrariae,
595 4222 630 4283 et
652 4217 810 4304 simplicia
834 4217 976 4303 corporis
998 4221 1033 4282 et
1055 4216 1271 4300 elementaria,
1294 4217 1364 4285 haec

310 4320 398 4385 enim
436 4325 486 4385 eat
524 4319 720 4387 universalis
751 4320 805 4385 lex
843 4318 1073 4407 generationis,
1104 4319 1228 4387 scilicet
1274 4321 1362 4406 quod

678 4643 684 4675 ¹
698 4643 740 4694 De
754 4642 927 4710 Generatioae]
941 4642 967 4694 ii.
979 4649 1004 4696 4.
