3586 5640
310 746 423 839 mn]
665 812 666 815 ,
695 764 790 815 ¹orus
812 765 972 816 reamur.
1296 753 1361 820 279

308 925 480 994 Ptolomaei
517 928 582 992 fuit
615 927 787 993 undecimo
810 928 980 994 Kalendas
1011 928 1146 1016 Aprilis,
1169 932 1250 994 tunc
1284 935 1362 996 ante

308 1029 392 1095 illud
428 1034 560 1116 tempus
596 1029 662 1099 fuit
698 1036 788 1096 retro
824 1031 912 1097 hunc
949 1031 1058 1097 locam
1104 1031 1210 1118 magis
1246 1053 1362 1098 versus

307 1131 468 1218 Aprilem,
491 1137 527 1198 et
547 1131 624 1198 ideo
650 1131 776 1198 decimo
799 1131 968 1199 Kalendas
990 1133 1170 1199 secundnm
1192 1130 1361 1219 probatio-

306 1255 380 1301 nem
406 1233 586 1303 Ptolomaei
634 1233 823 1302 secandum
844 1235 907 1302 hcc
928 1235 1033 1322 igitur
1054 1257 1123 1302 non
1152 1241 1232 1301 sunt
1260 1236 1362 1322 aeqni·

305 1337 418 1404 noctia
440 1341 475 1403 et
497 1336 642 1403 solstitia
667 1337 747 1418 fixa,
779 1358 886 1424 neque
920 1341 1000 1402 sunt
1033 1336 1105 1404 fixa
1135 1337 1202 1402 illis
1233 1337 1361 1419 debus,

308 1439 430 1525 quibus
450 1460 529 1506 usne
550 1439 618 1505 fnit
639 1439 781 1506 ecclesia
825 1438 898 1506 Nee
919 1438 985 1506 fuit
1007 1438 1242 1528 Hippocrates¹
1265 1440 1361 1529 longe

307 1564 330 1607 a
361 1543 512 1624 veritate,
545 1563 734 1629 quanquam
768 1542 837 1628 ipse
878 1541 944 1608 fnit
977 1548 1055 1609 ante
1087 1542 1256 1609 Christum
1286 1542 1362 1630 plns

307 1666 407 1730 quam
439 1645 594 1712 trecentis
630 1645 747 1725 annis3
796 1650 831 1710 et
867 1643 942 1711 ideo
979 1645 1089 1730 potuit
1125 1646 1360 1732 aequinoctium

306 1746 510 1834 temporibus
532 1747 599 1813 suis
620 1747 720 1812 fnisse
744 1750 860 1813 octavo
884 1746 1060 1826 Kalendas,
1083 1747 1138 1814 vel
1169 1770 1278 1835 prope,
1301 1749 1360 1814 sci·

306 1850 385 1917 licet
406 1850 554 1938 septimo.

351 1953 417 2020 Sed
439 1954 577 2020 tertium
598 1951 833 2019 inconveniens
854 1957 907 2018 est
927 1952 1025 2040 longe
1047 1953 1163 2040 majus.
1199 1951 1298 2034 Nam,
1321 1958 1361 2021 nt

306 2055 397 2143 prius
430 2061 557 2124 aarum
587 2061 646 2134 est,
671 2055 795 2122 veritas
821 2056 984 2148 estquod
1015 2056 1087 2122 sine
1118 2077 1226 2121 errore
1260 2056 1360 2124 debat

307 2158 436 2226 Pascha
458 2159 615 2226 celebrari
637 2159 691 2224 die
718 2157 896 2224 Dominica
917 2164 992 2244 post
1024 2164 1177 2244 quartam
1200 2159 1359 2226 decimam

305 2260 419 2326 lunam
463 2284 539 2348 qum
582 2261 753 2328 invenitur
789 2260 844 2326 vel
881 2261 916 2325 in
955 2261 1154 2347 aequinoctio
1191 2261 1247 2326 vel
1283 2267 1360 2348 post

306 2364 541 2449 aequinoctium
588 2364 733 2445 ramale,
780 2369 914 2450 propter
966 2364 1231 2430 conformitatem
1277 2364 1360 2451 legis

306 2466 505 2533 Christiana
550 2467 594 2533 ad
639 2467 745 2554 legem
806 2467 986 2553 antiquam,
1029 2472 1163 2554 propter
1225 2465 1358 2534 Pascha

305 2569 556 2646 solemnitatem,
594 2589 669 2656 qnae
706 2567 813 2656 primo
851 2569 917 2634 fnit
954 2570 991 2634 in
1028 2569 1116 2658 Lege
1145 2567 1286 2649 Veteri,⁹
1324 2575 1359 2636 et

304 2671 472 2757 praecessit
502 2671 589 2738 sicat
623 2672 733 2759 figura
771 2670 892 2737 novae.³
931 2670 1075 2740 Paschae
1132 2670 1218 2739 com
1255 2671 1359 2757 igitur

305 2773 429 2841 veritas
483 2779 534 2841 est
586 2773 678 2861 qnod
728 2773 964 2860 aequinoctium
1021 2775 1070 2841 sit
1122 2774 1223 2840 tertio
1276 2768 1389 2840 Idus'

306 2875 430 2956 Martii,
464 2883 499 2943 et
535 2875 691 2965 possibile
720 2881 773 2943 est
808 2877 897 2962 quod
945 2876 994 2941 ibi
1037 2876 1081 2943 sit
1121 2876 1203 2941 luna
1239 2881 1359 2961 quarta

305 2977 440 3059 decima,
462 2978 587 3046 scilicet
608 2979 645 3045 in
667 2977 936 3065 quartodecimo
963 2998 1050 3042 anno
1081 2977 1166 3061 cycli
1199 2976 1357 3043 decenno-

304 3079 398 3160 valis,
430 3085 470 3147 ut
503 3081 611 3168 prima
644 3083 856 3167 computetur
892 3077 999 3166 pridie
1034 3076 1203 3144 Kalendae
1241 3078 1358 3146 Martii

305 3204 402 3269 super
423 3197 445 3248 ο
465 3182 607 3262 literam,
637 3187 770 3270 oportet
801 3180 891 3267 quod
924 3181 978 3246 die
1002 3178 1179 3247 Dominiea
1207 3180 1359 3268 proxima

305 3289 380 3370 post
402 3284 498 3349 illum
520 3285 609 3351 diem
630 3284 676 3350 sit
702 3283 830 3350 Pascha
858 3283 1038 3350 secundum
1060 3285 1245 3352 veritatem.
1292 3283 1358 3352 Sed

304 3407 372 3451 non
394 3391 504 3473 potest
524 3387 569 3453 ab
590 3387 653 3452 hac
674 3392 794 3471 quarta
815 3386 944 3452 decima
973 3386 1054 3452 luna
1085 3387 1154 3454 dies
1184 3388 1360 3454 Dominica
1455 3407 1457 3411 ’

304 3488 449 3576 elongari
471 3489 668 3576 plusquam
690 3487 809 3575 usque⁴
831 3490 875 3555 ad
896 3489 1210 3556 tertiumdecimum
1235 3491 1358 3556 Kalen-

304 3591 364 3657 das
385 3591 520 3678 Aprilis,
543 3597 584 3659 ut
605 3596 699 3678 patet
720 3593 757 3658 in
779 3591 979 3658 kalendario.
1026 3593 1093 3659 Sed
1116 3594 1177 3658 hoc
1200 3598 1251 3658 est
1280 3599 1358 3659 ante

304 3693 514 3760 undecimum
554 3694 723 3760 Kalendas
760 3694 892 3781 Aprilis,
939 3695 997 3760 ubi
1041 3695 1185 3780 primum
1230 3694 1359 3761 Pascha

303 3796 446 3863 celebrat
479 3796 635 3875 eoclesia;
672 3817 774 3882 quare
803 3797 841 3861 in
871 3797 930 3862 illo
961 3818 1049 3861 anno
1085 3802 1203 3882 quarto
1233 3797 1358 3863 decimo

304 3899 388 3986 cycli
408 3921 477 3966 non
498 3898 718 3966 celebrabitur
750 3898 875 3964 Pascha
911 3899 1090 3984 gloriosam
1113 3904 1260 3985 tempore
1290 3921 1356 3966 suo.

306 4001 352 4068 Et
388 4002 477 4069 idem
511 4001 632 4068 accidit
666 4001 703 4066 in
736 4000 837 4066 tertio
869 4021 957 4065 anno
980 4000 1072 4086 cycli,
1104 4005 1145 4065 ut
1177 4006 1271 4088 patet
1299 4024 1358 4089 per

303 4127 439 4172 aureum
461 4126 635 4171 numerum
657 4103 694 4169 in
716 4100 879 4168 Kalendis
903 4103 1024 4169 Martii.
1054 4102 1144 4168 Nam
1165 4103 1357 4170 duodecimo

304 4207 472 4275 Kalendas
494 4207 628 4296 Aprilis,
653 4206 707 4272 vel
730 4205 821 4283 citra,
853 4205 918 4271 erit
941 4204 1073 4271 Pascha
1119 4204 1166 4271 Et
1200 4207 1357 4292 quoniam

336 4442 343 4473 ι
355 4439 535 4508 Himeram]
555 4438 704 4506 Hippocrene,
715 4446 740 4491 et
750 4452 792 4490 su·
838 4470 839 4473 =
888 4437 988 4503 'novoe]
1008 4438 1077 4501 novi,
1088 4438 1119 4489 T.
1133 4439 1170 4511 ¹³2·

308 4536 361 4587 pra,
373 4520 404 4571 Τ.

778 4583 781 4587 ¹
890 4517 898 4546 ⁴
907 4519 964 4582 plus
974 4534 1046 4582 quam
1057 4518 1144 4585 usqae]
1164 4518 1223 4583 nisi,
1236 4520 1266 4572 Τ.

337 4599 421 4667 'Lace
435 4598 535 4667 Veteri]
547 4598 637 4652 Veteri
647 4597 723 4664 Iege,
732 4597 763 4649 Τ.
1129 4621 1139 4628 -·
