3586 5640
307 783 373 872 ne]
697 794 785 852 erue
805 793 965 853 rrerrmr
1315 789 1354 855 81

306 970 364 1036 sed
386 971 569 1036 maximum
591 970 759 1058 sapientire
785 972 1027 1039 detrimentum
1072 972 1142 1039 Nee
1177 973 1297 1038 mirum
1328 974 1356 1039 si

306 1071 423 1138 merito
456 1095 516 1138 sue
548 1073 670 1160 scripta
701 1075 825 1141 habent
855 1075 988 1162 negligi,
1011 1076 1165 1160 quoniam
1186 1098 1360 1162 nunquam-

305 1173 520 1261 philosophire
542 1181 652 1263 partes
681 1176 812 1241 audivit
844 1198 904 1242 nee
939 1177 1054 1243 didicit
1088 1178 1131 1243 ab
1154 1178 1273 1264 aliqu0,
1297 1200 1357 1244 nee

304 1275 372 1340 fuit
392 1275 541 1344 nutritus
562 1277 599 1342 in
621 1278 731 1343 studio
754 1277 938 1359 Pedeienei,
971 1301 1032 1345 nee
1062 1278 1152 1356 tlibi,
1182 1280 1242 1345 ubi
1263 1277 1357 1366 viget

305 1377 456 1444 studium
488 1378 725 1467 philosophiae3
761 1402 821 1446 nee
851 1380 942 1468 legit,
974 1402 1033 1446 nee
1066 1381 1261 1468 disputavit,
1297 1403 1357 1448 nee

300 1480 505 1547 'uereitetur
542 1486 592 1548 eet
629 1483 828 1569 disputando
861 1488 896 1548 et
925 1482 1121 1550 eonferendo
1153 1505 1228 1550 eum
1262 1483 1336 1549 eliis
1348 1506 1357 1566 ;

306 1603 367 1648 neo
387 1581 622 1651 reveletdonem
643 1584 771 1664 hebuit,
795 1585 874 1672 quia
894 1605 955 1650 nee
983 1585 1027 1650 ed
1056 1585 1141 1652 hene
1165 1607 1198 1652 se
1226 1588 1357 1673 pererit

306 1685 405 1751 aliter
437 1685 575 1767 vivene3
606 1689 641 1753 et
671 1687 761 1765 false
792 1692 827 1752 et
858 1707 952 1768 vena,
983 1709 1021 1754 ao
1051 1688 1215 1775 superflua
1244 1710 1355 1754 eumu-
1413 1707 1418 1714 ·

306 1787 389 1867 lene,
411 1790 446 1853 et
469 1787 568 1853 utilia
589 1809 627 1854 ee
656 1788 836 1855 necessarie
865 1788 1046 1870 dimittens,
1070 1812 1144 1876 quae
1171 1811 1239 1857 non
1269 1791 1355 1856 indi·

305 1892 383 1954 eant
399 1889 650 1956 revelationem:
669 1891 726 1957 sed
746 1912 804 1978 per
823 1890 966 1978 seipsum
985 1891 1195 1978 praeeumpeit
1214 1897 1357 1959 treetere

307 2010 382 2077 quae
403 1990 582 2078 ignoravit.

351 2091 431 2157 Non
458 2091 529 2158 sine
559 2112 658 2159 eausa
689 2092 760 2160 heee
789 2093 920 2160 loeutus
951 2115 1025 2159 eum
1057 2092 1099 2159 de
1131 2094 1192 2159 hoe
1223 2100 1355 2160 auctore
1369 2110 1502 2163 considere

305 2190 404 2273 fieto‚¹
429 2193 509 2278 quie
529 2214 596 2259 non
618 2194 724 2260 solum
756 2194 800 2260 ad
831 2195 1033 2281 propositum
1055 2214 1165 2260 meum
1187 2195 1277 2276 feeit,
1300 2177 1515 2308 eedfflffl‘w‘ff

305 2293 484 2361 dolendum
507 2296 665 2382 estquod
688 2296 837 2362 studium
860 2296 1074 2384 philosophiae
1096 2310 1155 2384 per
1176 2298 1284 2385 ipsum
1307 2304 1494 2374 eetruptoros

305 2402 501 2484 eomptum
517 2397 592 2484 plue
619 2416 718 2484 quem
741 2421 799 2486 per
821 2420 932 2466 omnes
955 2399 1013 2486 qui
1043 2400 1179 2466 fuerunt
1209 2378 1523 2509 unquemssfflgphy·

306 2498 394 2564 inter
417 2499 562 2565 Iatinon.
609 2499 698 2564 Nem
729 2501 786 2566 alii
817 2500 895 2567 lieet
928 2501 1124 2582 defecerunt,
1146 2507 1257 2569 temen
1288 2525 1355 2568 non

306 2606 585 2687 presumpserunt
617 2601 659 2667 de
692 2605 898 2685 auctoritate,
942 2605 999 2670 sed
1031 2605 1095 2671 iste
1129 2627 1187 2691 per
1221 2606 1355 2672 modum

305 2702 531 2769 authenticum
553 2703 682 2790 scripsit
704 2704 805 2770 libros
827 2727 910 2786 suos,
934 2712 968 2772 et
996 2706 1071 2772 ideo
1104 2712 1213 2772 toturn
1237 2708 1356 2796 vulgus

305 2804 458 2870 insenum
492 2805 614 2891 alleget
645 2827 718 2871 eum
753 2807 907 2886 Parieius,
931 2807 1015 2873 sieut
1043 2807 1263 2886 Aristotelem,
1297 2815 1356 2874 aut

306 2906 521 2987 Avieennam,
543 2911 604 2972 eut
625 2907 816 2987 Averroe'm,
849 2913 884 2973 et
905 2907 987 2973 elios
1009 2908 1182 2972 auctores.2
1228 2908 1273 2972 Et
1295 2909 1357 2974 iste

306 3028 373 3072 non
395 3008 501 3074 solum
524 3029 681 3096 magnum
713 3008 949 3074 detrimentum
982 3007 1075 3072 dedit
1107 3007 1218 3073 studio
1252 3009 1358 3093 philo·

306 3109 430 3196 sophiae
462 3109 520 3175 sed
553 3110 738 3197 theologice,
762 3110 847 3175 sieut
870 3108 1006 3175 ostendo
1029 3108 1064 3173 in
1088 3108 1194 3195 Opere
1226 3109 1357 3188 Minori,

306 3211 365 3276 ubi
387 3211 505 3296 loquor
527 3210 568 3276 de
600 3210 736 3297 Septem
769 3211 909 3298 peeeatis
942 3210 1045 3275 studii
1078 3211 1286 3298 Theologiee3
1325 3218 1359 3278 et

307 3313 470 3399 praeeipue
493 3312 629 3378 tertium
651 3318 820 3400 peceatum
843 3319 893 3379 est
915 3318 1029 3380 eontra
1051 3313 1162 3395 istum,
1179 3316 1270 3400 quod
1292 3315 1359 3380 dis·

307 3415 395 3479 cutio
419 3414 565 3500 apertius
588 3421 722 3501 propter
746 3437 829 3481 eum.
879 3416 972 3481 Duos
999 3415 1086 3482 enirn
1112 3421 1192 3483 note
1216 3418 1273 3497 ibi,
1301 3418 1359 3483 sed

307 3514 377 3602 ipse
409 3520 461 3581 eet
494 3515 683 3603 principalis
720 3517 756 3583 in
794 3539 851 3598 rer
891 3517 948 3583 sed
982 3518 1067 3582 elius
1101 3519 1206 3605 majus
1240 3542 1359 3584 nomen

307 3617 416 3696 hebet,
440 3617 499 3704 qui
525 3623 639 3684 temen
668 3625 819 3684 mortuus
849 3618 920 3684 eet.3
980 3619 1026 3684 Et
1053 3619 1119 3684 ieta
1145 3626 1262 3706 patent
1292 3621 1358 3683 evi-

308 3719 424 3785 denter
446 3741 488 3785 ex
519 3720 626 3807 Opere
656 3719 775 3806 Majori
806 3726 840 3786 et
871 3721 1001 3799 Minori,
1034 3722 1112 3805 quie
1134 3721 1169 3784 in
1192 3722 1265 3796 illis,
1289 3726 1359 3785 tam

308 3820 431 3887 divinis
465 3842 565 3907 quam
598 3821 760 3901 humanis,
795 3822 835 3887 de
869 3821 990 3907 quibus
1019 3821 1141 3885 nititur
1173 3821 1359 3903 eertifieere,

308 3922 445 3989 oste'ndo
481 3923 571 4009 quod
607 3924 872 4011 multiplicentur
913 3923 1024 3987 omnia
1061 3944 1157 4002 vane,
1196 3922 1287 4003 falsa,
1326 3931 1360 3989 et

307 4025 481 4113 superflue,
504 4030 539 4091 et
569 4024 701 4113 singule
731 4026 895 4114 praeelere,
919 4048 957 4091 ee
987 4025 1169 4111 magnifiee,
1201 4032 1234 4091 et
1264 4027 1361 4093 utilia

307 4127 551 4214 relinquuntur.
599 4129 645 4194 Et
674 4128 744 4196 haee
774 4129 854 4196 setis
884 4128 1011 4214 liquide
1042 4125 1205 4214 patebunt
1235 4150 1276 4195 ex
1299 4130 1360 4197 hae

307 4230 409 4296 tertie
431 4229 601 4317 scripture.

343 4592 351 4627 ¹
357 4586 433 4664 fiete]
446 4594 521 4657 dieto,
533 4592 564 4649 Τ.
576 4587 612 4650 U.
831 4593 837 4729 Ι
883 4592 1051 4652 'Alexander
1067 4600 1100 4653 eb
1115 4599 1200 4653 Helee.

345 4676 391 4728 'er
400 4672 463 4729 aliu
473 4674 597 4743 auem]
610 4691 660 4729 om.
671 4669 703 4727 Τ.
