3586 5640
307 787 397 877 nur]
699 802 787 856 orus
808 803 970 855 rnnmuu
1292 791 1358 856 203

306 977 411 1060 nobis,
436 999 536 1064 quem
560 978 739 1043 secundum
762 977 886 1044 lineam
908 984 1077 1044 extensam
1104 1000 1125 1043 a
1149 977 1259 1043 medio
1285 976 1359 1042 eceli

305 1104 407 1168 usquo
436 1081 480 1146 od
510 1081 669 1167 angulum
698 1086 805 1163 torrae,
837 1087 950 1147 tomen
988 1080 1148 1146 videntur
1185 1102 1254 1146 esse
1284 1101 1357 1166 pro·

304 1183 492 1272 pinquiores
514 1182 610 1248 nobis
633 1183 670 1247 in
695 1182 823 1249 oriente
849 1189 885 1250 et
909 1183 1076 1250 occidente
1101 1205 1201 1269 quom
1228 1183 1264 1247 in
1290 1204 1357 1247 me·

305 1286 397 1368 ridie,
421 1283 657 1352 considerando
680 1284 801 1352 lineam
825 1307 901 1372 quae
922 1291 973 1352 est
996 1290 1134 1353 extenso
1155 1285 1244 1351 inter
1267 1284 1358 1372 polos

306 1389 432 1454 mundi
479 1388 526 1454 Et
547 1388 626 1474 quie
645 1408 706 1454 nos
728 1409 840 1454 sumus
863 1389 1005 1454 multum
1029 1409 1142 1455 versus
1167 1387 1265 1474 polos,
1285 1387 1359 1452 ideo

306 1491 344 1556 in
369 1496 447 1558 ortu
470 1495 506 1557 ot
528 1511 643 1557 occasu
668 1490 803 1556 videtur
828 1490 877 1556 sol
903 1492 1008 1579 magis
1022 1491 1107 1558 ssse¹
1125 1514 1240 1557 versus
1266 1490 1358 1576 equi·

306 1593 414 1660 lonem
440 1615 540 1679 quem
566 1593 603 1657 in
627 1592 786 1674 meridie3
809 1593 895 1659 sicut
918 1593 1060 1679 quilibet
1083 1598 1193 1681 potest
1210 1593 1359 1679 judicare

306 1697 398 1762 omni
428 1696 481 1762 die
514 1696 558 1761 od
587 1695 707 1776 visum,
738 1697 871 1782 quondo
900 1698 948 1764 sol
970 1697 1103 1762 videtur
1133 1698 1169 1762 in
1206 1702 1292 1776 ortu,
1326 1699 1361 1760 et

308 1799 453 1880 meridie,
476 1804 511 1866 et
532 1799 568 1864 in
591 1820 716 1865 occasu.
763 1799 907 1865 Videtur
931 1800 1020 1865 enim
1046 1799 1133 1886 quod
1156 1799 1287 1885 quando
1310 1811 1361 1863 est

308 1902 345 1967 in
367 1907 443 1968 ortu
465 1905 501 1968 et
522 1923 637 1967 occasu
665 1901 878 1988 propinquior
900 1903 945 1968 sit
967 1903 1041 1989 polo
1064 1909 1185 1980 nostro,
1209 1906 1244 1967 et
1266 1900 1361 1986 quasi

308 2005 405 2071 sitin
424 2005 548 2070 directo
567 2004 692 2086 nostri;
712 2004 770 2070 sed
790 2005 921 2090 quando
942 2010 993 2070 est
1012 2006 1047 2069 in
1062 2005 1207 2082 moridie,
1229 2001 1363 2067 videtur

308 2109 451 2173 multum
473 2107 561 2173 flecti
583 2107 627 2172 od
648 2105 761 2193 polum
783 2108 1011 2172 meridianum.
1058 2107 1160 2172 Omni
1184 2105 1289 2192 igitur
1308 2105 1361 2169 die

308 2211 388 2276 anni
412 2210 546 2276 videtur
570 2210 627 2288 sol,
651 2215 813 2294 quantum
842 2210 885 2275 od
915 2230 1055 2287 sensum,
1080 2208 1169 2274 flecti
1198 2208 1242 2272 sd
1271 2207 1362 2292 aqui-

309 2313 418 2378 lonem
445 2312 481 2376 in
507 2333 632 2391 occasu,
657 2317 834 2399 postquem
860 2313 996 2400 gyravit
1022 2312 1201 2378 secundum
1232 2332 1362 2375 sensum

309 2421 460 2481 nostrum
483 2414 525 2479 ad
547 2414 717 2480 meridiem
740 2415 776 2479 in
795 2415 903 2480 medio
922 2415 997 2480 diei.
1043 2414 1141 2481 Certe
1161 2414 1207 2479 sio
1222 2413 1363 2479 occurrit

311 2517 478 2583 dubitatio
501 2517 614 2605 gravis
637 2515 678 2582 de
701 2516 776 2582 aliis
802 2540 876 2603 qum
900 2517 1102 2597 dictasunt,
1126 2522 1161 2584 et
1182 2516 1223 2583 de
1247 2514 1363 2581 multis

310 2642 385 2707 quae
407 2642 474 2687 non
496 2640 626 2707 possum
649 2617 703 2684 hic
725 2641 884 2688 enarrare.

741 2967 821 3035 One.
847 2966 934 3034 LIV.

358 3160 499 3226 Dmnnn
522 3157 682 3225 descendo
708 3159 751 3224 od
775 3158 918 3225 radicem
942 3159 1126 3238 secundem,
1152 3182 1225 3246 quoe
1248 3165 1299 3225 est
1321 3155 1362 3224 do
1375 3169 1510 3239 utilityor⁴

312 3263 498 3351 cognitione
513 3263 657 3328 locorum
673 3261 811 3327 mundi?
857 3261 1071 3327 Manifestum
1094 3262 1181 3327 enim
1202 3266 1253 3327 cst
1275 3261 1362 3347 quod
1375 3240 1532 3370 ffiffissg

312 3371 404 3430 totus
428 3369 541 3430 textus
569 3365 714 3431 decurrit
740 3385 837 3450 super
859 3364 929 3430 haec
953 3364 1031 3441 locs,
1055 3371 1089 3430 et
1115 3387 1172 3451 per
1198 3365 1267 3430 haec
1293 3364 1363 3429 loca
1375 3372 1531 3423 anduenn-

312 3467 492 3553 corporalio
515 3467 744 3554 significantur
769 3466 839 3532 locs
864 3466 1059 3554 spiritualia,
1084 3472 1118 3532 et
1142 3488 1201 3554 per
1224 3466 1295 3530 vias
1319 3467 1362 3531 sd
1375 3446 1525 3557 ffiffiw

312 3592 352 3634 ea
381 3570 446 3636 viae
475 3568 684 3655 spirituales3
722 3574 757 3634 et
786 3569 912 3656 majore
940 3569 1101 3656 mysterio
1130 3569 1166 3633 in
1204 3569 1256 3633 his
1286 3568 1364 3634 locis
1376 3572 1396 3622 it
1406 3575 1440 3636 by
1451 3573 1495 3622 the

313 3671 527 3738 continentur
557 3691 658 3757 quem
688 3671 778 3737 suris
815 3671 964 3738 mortalis
1001 3677 1109 3759 potest
1143 3671 1265 3750 audire,
1306 3638 1488 3736 autumem

313 3795 406 3840 mens
446 3773 594 3838 humone
624 3774 816 3861 intelligere,
852 3774 938 3840 siout
967 3774 1049 3840 dicit
1080 3773 1237 3860 Origenes
1269 3793 1366 3859 super

245 3880 255 3897 '
313 3876 426 3942 Josue.
475 3876 520 3942 Et
550 3881 683 3942 sanctus
714 3876 946 3964 Hieronymus,
977 3883 1012 3944 et
1043 3875 1213 3958 Eusebius,
1245 3881 1280 3942 et
1309 3874 1365 3939 alii

313 3980 447 4046 iverunt
470 4001 528 4066 per
550 3978 621 4045 loco
644 4001 742 4060 saera,
769 3985 809 4046 ut
835 3981 995 4047 heberent
1026 3980 1229 4046 intellectum
1258 3979 1365 4064 Scrip-

313 4087 407 4148 turae.
456 4081 503 4147 Et
521 4083 593 4169 ipsi,
614 4087 648 4148 et
671 4081 826 4162 Isidorus,
848 4087 883 4148 et
905 4083 1042 4149 Orosius
1065 4083 1108 4149 od
1130 4082 1366 4170 Augustinum,

316 4183 416 4266 Beda,
440 4190 475 4250 et
502 4183 609 4262 multi,
637 4183 813 4273 diligenter
836 4185 1038 4272 scripserunt
1062 4185 1103 4249 de
1130 4184 1181 4249 his
1205 4184 1302 4263 locis3
1333 4186 1368 4247 et

316 4286 549 4374 descriptiones
573 4286 810 4353 ordinaverunt
834 4287 870 4352 in
896 4288 1045 4375 pellibus,
1068 4291 1202 4374 propter
1221 4285 1366 4351 intellec·

314 4394 388 4454 tum
418 4395 488 4455 tam
519 4411 632 4456 sensus
662 4389 800 4457 literalis
830 4412 929 4476 quem
962 4389 1150 4479 spiritualis.
1206 4389 1252 4454 Et
1281 4410 1367 4477 pono

350 4740 357 4771 ¹
375 4742 451 4808 mucis
461 4739 524 4807 csse]
543 4751 596 4795 etse
610 4739 698 4809 magis,
715 4737 747 4792 Τ.
839 4738 845 4808 Ι
892 4742 902 4774 ²
918 4740 1013 4809 mundi]
1027 4742 1097 4807 Opus
1107 4739 1199 4809 Msjus‚
1216 4753 1240 4808 p.
1255 4742 1308 4794 11&
