3586 5640
309 783 458 872 xxmrr]
655 836 661 845 .
694 801 782 849 oros
804 800 967 850 murrum
1296 791 1359 854 103

305 980 341 1040 ot
363 997 429 1040 non
450 974 513 1038 nisi
535 975 614 1060 quia
634 974 764 1059 judicat
784 974 951 1061 pulchrius
975 994 1043 1040 esso
1068 974 1197 1055 melius,
1212 980 1247 1040 et
1272 976 1361 1061 quod

306 1082 357 1143 cst
391 1078 506 1142 melius
531 1083 581 1143 est
614 1078 718 1165 magis
744 1077 939 1165 eligendum.
987 1078 1075 1164 Ergo
1101 1079 1141 1142 de
1168 1079 1360 1144 necessitate

305 1202 387 1267 puer
401 1181 513 1267 arguit
538 1180 584 1245 sic
604 1181 691 1268 apud
715 1203 769 1246 se:
794 1182 882 1266 quod
904 1184 954 1246 cst
978 1181 1146 1268 pulchrius
1169 1187 1219 1247 est
1234 1181 1361 1262 molius,

306 1288 340 1348 ct
366 1284 455 1369 quod
477 1287 528 1349 est
550 1285 666 1349 melius
691 1289 743 1350 est
765 1285 869 1371 magis
893 1283 1102 1370 eligendum
1127 1306 1204 1371 ergo
1227 1306 1361 1371 pomum

305 1386 472 1473 pulchrius
490 1391 541 1452 est
566 1388 671 1474 magis
685 1385 895 1474 eligendum.¹
943 1386 989 1452 Et
1015 1391 1127 1453 tamen
1151 1387 1256 1452 nescit
1281 1387 1362 1473 quid

305 1496 441 1556 vocetur
475 1496 725 1578 argumentum
767 1514 808 1554 cx
839 1511 905 1575 quo
936 1490 1103 1556 concludit
1132 1495 1246 1556 auctor
1271 1489 1361 1575 quod

306 1592 403 1658 homo
417 1594 528 1679 arguit
543 1616 564 1658 a
577 1599 696 1658 natura
718 1594 788 1658 sine
812 1593 1006 1658 difficultate
1022 1598 1056 1658 et
1071 1593 1189 1660 labore.
1238 1592 1286 1657 Et
1301 1593 1361 1660 hoc
1372 1612 1419 1664 Au
1431 1628 1488 1666 men

305 1699 397 1782 patet
419 1718 478 1782 per
501 1696 684 1762 rationem:
712 1697 790 1781 quia
804 1697 911 1761 omnis
933 1696 1032 1762 homo
1056 1696 1167 1762 reddit
1190 1718 1301 1762 causas
1326 1696 1504 1815 elmon

305 1799 446 1864 rationes
480 1801 653 1876 dictorum,
697 1804 731 1864 et
776 1798 935 1864 factorum
977 1821 1120 1880 suorum,
1169 1805 1204 1864 et
1250 1821 1358 1865 rerum

305 1907 449 1983 aliarum,
472 1908 508 1972 in
532 1908 652 1993 quibus
678 1906 876 1972 exercitatus
902 1912 960 1972 cst.
1007 1907 1073 1972 Sed
1096 1907 1157 1972 hoc
1187 1907 1259 1972 fieri
1290 1928 1358 1973 non

304 2013 414 2095 potest
437 2009 502 2074 nisi
532 2031 591 2094 per
620 2015 872 2095 argumentum
909 2010 987 2096 quia
1016 2016 1248 2096 argumentum
1279 2010 1358 2076 facit

304 2111 403 2176 fidem
428 2112 468 2176 de
493 2133 528 2177 re
554 2110 656 2176 dubia
677 2132 735 2198 per
757 2111 1010 2198 assignationem
1026 2133 1131 2178 causae
1156 2112 1359 2177 strationis.

306 2213 371 2278 Sed
409 2215 498 2298 quod
535 2214 688 2279 omnibus
732 2217 849 2278 notum
880 2218 939 2293 est,
968 2215 1116 2281 noscitur
1153 2214 1357 2280 naturaliter.

307 2314 405 2395 Quod
435 2317 523 2381 enim
556 2315 708 2381 omnibus
746 2316 929 2381 individuis
959 2317 1103 2402 ejusdem
1135 2317 1252 2404 speciei
1282 2339 1359 2383 con·

305 2420 405 2496 venit,
423 2423 552 2506 oportet
572 2419 660 2505 quod
682 2420 881 2486 naturaliter
904 2419 952 2485 eis
973 2421 1170 2486 conveniat:
1197 2425 1237 2485 ut
1257 2421 1359 2507 gemi-

304 2526 360 2585 tus
384 2521 600 2603 infirmorum,
615 2527 650 2588 et
664 2522 803 2588 latratus
819 2544 944 2603 canum,
961 2527 996 2588 et
1015 2523 1182 2588 calefactio
1206 2523 1334 2609 ignium
1349 2547 1358 2602 ;

305 2623 400 2690 etsie
422 2624 463 2690 dc
478 2624 638 2702 omnibus,
654 2630 694 2690 ut
717 2628 818 2711 patet.
865 2624 912 2690 Et
926 2625 1120 2691 Aristoteles
1134 2625 1196 2691 hoc
1211 2625 1301 2703 dicit,
1318 2627 1358 2688 ut

303 2726 412 2813 patet’
440 2727 556 2813 quinto
583 2726 799 2794 Ethicorum.8
845 2727 891 2792 Et
915 2749 1027 2792 omnes
1051 2729 1200 2793 homines
1225 2749 1357 2813 respon-

304 2830 384 2895 dent
399 2831 441 2896 ad
455 2829 537 2895 falsa
551 2851 610 2916 per
632 2830 849 2917 negationem,
867 2833 902 2895 ct
917 2829 959 2896 ad
978 2829 1079 2895 malas
1098 2830 1357 2914 consequentias,

304 2955 378 3018 quae
419 2937 582 2998 vocantur
620 2931 765 3012 fallaciae,
796 2932 935 2998 dicendo
966 2932 1055 3016 quod
1096 2953 1164 2996 non
1206 2931 1357 3015 sequitur

304 3040 438 3123 propter
463 3035 565 3100 telem
591 3033 645 3100 vel
668 3035 770 3101 talem
794 3056 933 3101 causam.
980 3033 1082 3098 Unde
1104 3032 1182 3098 licet
1196 3032 1271 3097 latei
1290 3053 1358 3097 non

303 3136 449 3203 habeant
468 3137 628 3204 vocabula
653 3137 768 3225 logicae
794 3137 913 3223 quibus
937 3136 1044 3202 clerici
1069 3139 1220 3215 utuntur,
1246 3139 1358 3200 tamen

304 3238 427 3306 habent
452 3262 527 3306 suos
553 3241 667 3306 modos
681 3240 830 3305 solvendi
855 3260 951 3304 omne
976 3243 1205 3326 argumentum
1232 3237 1357 3302 falsum.

304 3341 351 3406 Et
380 3342 454 3408 ideo
480 3343 640 3410 vocabula
663 3342 733 3408 solo
755 3342 934 3430 logicorum
962 3342 1121 3408 deficiunt
1147 3341 1246 3423 lalcis,
1272 3339 1358 3405 non⁴

305 3445 376 3531 ipsa
410 3445 547 3512 scientia
577 3445 699 3532 logicas.

349 3547 395 3613 Et
422 3544 508 3613 hoc⁶
533 3548 654 3614 iterum
685 3547 845 3634 probatur
869 3569 927 3635 por
953 3547 1021 3625 hoc,
1053 3546 1141 3634 quod
1165 3569 1240 3612 cum
1263 3556 1451 3624 omneLogie
1467 3573 1524 3625 pre·

304 3651 395 3736 quod
417 3650 457 3717 fit
488 3650 529 3717 de
550 3671 638 3717 novo
662 3656 788 3730 notum,
810 3651 852 3715 fit
876 3655 995 3715 notum
1021 3671 1080 3736 per
1104 3649 1225 3728 notius,
1254 3641 1513 3744 ibitm·{¹e¹{'g⁰n'l⁴³fn

304 3753 341 3817 in
361 3753 541 3834 infinitum,
558 3755 586 3818 si
610 3753 747 3842 logicam
772 3775 838 3818 non
859 3753 1000 3817 sciamus
1022 3751 1225 3818 naturaliter.
1270 3750 1358 3816 Nam
1371 3761 1508 3838 naoeprin-

304 3856 332 3920 si
354 3857 417 3920 fiat
437 3855 533 3921 nobis
556 3861 637 3921 nota
663 3857 703 3921 de
725 3877 822 3935 novo,
836 3861 917 3920 tuno
937 3876 995 3941 per
1015 3853 1161 3938 aliquam
1188 3852 1357 3918 scientiam
1370 3827 1488 3945 fflssff

303 3958 399 4024 nobis
428 3963 541 4024 notam
561 3959 661 4045 prius,
678 3964 712 4024 et
726 3959 783 4022 illa
802 3980 862 4044 per
883 3957 990 4033 aliam,
1006 3956 1099 4022 etsie
1119 3957 1155 4022 in
1170 3955 1340 4021 infinitum
1351 3962 1458 4038 stodeat

305 4061 395 4148 quod
409 4083 478 4127 non
494 4066 603 4149 potest
627 4083 702 4127 esse.
758 4061 868 4141 Quare
894 4061 1050 4125 standum
1075 4063 1126 4125 est
1148 4059 1190 4126 ad
1212 4057 1357 4146 aliquam

304 4164 484 4246 scientiam,
523 4187 597 4251 quae
628 4164 672 4230 sit
706 4170 788 4230 nota
824 4163 1044 4243 naturaliter;
1089 4163 1145 4228 sed
1172 4163 1263 4229 nulla
1297 4169 1355 4243 est,

308 4394 338 4402 -
349 4394 547 4402 m
1094 4396 1214 4404 ῇ
1230 4396 1352 4403 --—.-

337 4531 412 4597 ¹erqo
428 4568 435 4583 .
453 4568 460 4584 .
477 4569 483 4585 .
502 4568 510 4586 .
527 4569 533 4584 .
557 4532 633 4599 macir
660 4531 802 4600 dicendum]
890 4531 1066 4600 ³Etlricorum]
1085 4544 1109 4584 r.
1126 4538 1163 4584 lo.

306 4628 356 4663 om.
368 4613 400 4665 Τ.
889 4613 969 4679 ⁴non]
988 4623 1014 4666 et
1029 4630 1087 4674 non,
1103 4615 1134 4664 B.

336 4693 386 4742 “ut
394 4692 478 4759 patet]
498 4708 548 4745 om.
567 4693 598 4747 B.
609 4693 635 4745 U
825 4696 829 4739 ἕ
889 4693 966 4760 'loc]
985 4709 1034 4746 om.
1051 4693 1082 4744 Τ.
