3586 5640
315 749 415 837 nvn]
707 765 794 815 orus
816 764 977 816 ruamuu
1302 752 1366 816 223

313 940 358 1006 Et
380 938 670 1006 consideraverunt
692 941 762 1006 haec
784 962 843 1028 per
864 941 1104 1028 oppositionem
1127 940 1270 1006 mediam
1290 941 1367 1007 solis

310 1051 345 1109 et
375 1044 472 1118 lunae,
496 1048 531 1108 et
562 1067 620 1130 per
642 1045 729 1109 diem
762 1067 837 1130 quaa
870 1045 1021 1128 sequitru
1053 1043 1301 1130 oppositionem,
1332 1049 1368 1111 et

310 1169 368 1234 per
402 1168 475 1211 eam
497 1168 571 1233 quse
605 1146 761 1234 praecedit
773 1172 782 1229 ;
816 1152 851 1213 et
882 1147 1128 1212 constituerunt
1161 1145 1293 1212 tabulas
1322 1147 1365 1214 ad

310 1250 394 1330 hoc;
428 1255 463 1314 et
485 1271 554 1314 non
587 1255 771 1336 potuerunt
804 1250 955 1315 invenire
981 1249 1095 1314 lunam
1126 1249 1367 1334 quintamdeci-

310 1375 400 1418 mam
431 1352 468 1417 in
502 1354 555 1417 dic
579 1353 717 1418 Veneria
751 1355 787 1418 in
811 1351 942 1430 Martio,
966 1374 1156 1439 quanquam
1188 1352 1366 1440 diligenter

309 1456 545 1542 quaesiverunt.
602 1456 649 1521 Et
693 1462 824 1543 egomet
855 1455 1009 1521 ordinavi
1042 1455 1173 1520 tabulas
1205 1456 1249 1520 ad
1286 1452 1363 1522 hoc'

309 1582 384 1625 cum
415 1558 549 1624 oonsilio
572 1559 754 1645 peritorum
777 1561 813 1624 in
834 1559 907 1646 lege
940 1559 1056 1624 divina
1090 1563 1124 1624 et
1155 1561 1364 1626 astronomia.

310 1662 356 1727 Et
379 1683 446 1727 non
468 1661 657 1726 invenimus
672 1661 779 1727 adhuc
800 1662 897 1727 istam
914 1661 1228 1747 quintamdecimam
1250 1662 1365 1729 lunam

309 1765 345 1828 in
368 1764 421 1829 die
436 1763 575 1829 Veneris
597 1764 633 1828 in
656 1763 786 1840 Martio
811 1765 948 1857 circiter
962 1771 1092 1851 tempus
1108 1765 1281 1830 Passionis,
1318 1766 1365 1832 Et

308 1872 423 1933 contra
445 1867 514 1932 hmo
537 1867 649 1931 omnia
671 1867 800 1952 objecta
822 1866 907 1932 nihil
929 1867 1101 1932 invenitur
1122 1889 1181 1955 pro
1203 1868 1365 1935 solutione

309 1970 417 2057 digua
467 1967 556 2034 Nam
588 1971 708 2055 aliquae
739 1969 965 2035 cavillationes
987 1969 1196 2055 allegantur3
1230 1971 1287 2036 sed
1323 1971 1364 2036 do

308 2073 395 2138 facili
418 2077 622 2138 evacuantur
644 2095 702 2160 per
724 2094 786 2150 eos,
810 2073 866 2158 qui
889 2072 995 2159 legem
1031 2071 1094 2137 Dei
1128 2077 1296 2139 noverunt
1329 2079 1364 2139 et

308 2178 553 2242 astronomiam.

354 2280 405 2344 De
442 2278 588 2344 kalenda
624 2300 704 2343 vero
742 2277 919 2344 consimilis
955 2277 1009 2343 vel
1046 2277 1152 2362 major
1185 2277 1361 2343 dubitatio.

310 2380 398 2447 Nam
431 2379 654 2468 Theophilus,2
678 2381 736 2466 qui
770 2380 836 2445 fuit
869 2381 996 2445 vicinus
1033 2380 1199 2467 apostolis,
1232 2381 1362 2469 scripsit

308 2484 395 2570 quod
418 2483 542 2549 decimo
565 2483 724 2548 kalendas
747 2505 860 2571 passus
882 2483 968 2563 fuit3
1000 2488 1035 2549 et
1068 2484 1142 2549 ideo
1166 2484 1359 2562 Gerlandus,
1374 2499 1517 2551 (tetlandus

308 2587 456 2652 omnium
494 2588 766 2673 computistarum
805 2587 1020 2663 doctissimus,
1045 2587 1076 2651 ei
1110 2587 1266 2653 adhaeret.
1316 2588 1361 2652 Et
1372 2567 1501 2686 ffiffi

308 2692 398 2776 quod
421 2691 638 2776 Augustinus,
662 2695 696 2754 et
719 2688 951 2775 Hieronymus,
967 2694 1002 2754 et
1024 2691 1143 2776 vulgus
1167 2690 1361 2756 Latinorum
1372 2701 1407 2750 all
1423 2701 1529 2754 chrono-

308 2799 435 2880 ponunt
457 2797 575 2858 octavo
597 2793 757 2857 kalendas
775 2792 909 2878 Aprilis,
926 2795 1059 2877 reputat
1081 2814 1147 2856 non
1169 2815 1227 2877 per
1249 2769 1467 2858 sueto-¹⁰⁸⁵“‘⁸·

307 2896 443 2961 ritatem
473 2895 606 2975 dictam,
638 2895 694 2959 sed
717 2893 896 2959 secundum
920 2893 1107 2980 opinionem
1136 2894 1236 2980 vulgi.
1273 2893 1362 2959 Nam

307 3019 382 3063 cum
407 2997 614 3084 Augustinus
637 2996 718 3062 dicit
741 2996 829 3081 quod
851 3017 965 3081 passus
988 3000 1038 3059 est
1061 2999 1180 3060 octavo
1204 2994 1363 3061 kalendas

305 3100 406 3165 infert
422 3100 512 3186 quod
526 3121 640 3186 passus
654 3103 705 3164 est
720 3098 782 3163 sub
798 3097 938 3184 geminis
960 3096 1162 3175 oonsulibus;
1185 3098 1273 3181 quod
1295 3117 1362 3162 non

306 3208 357 3268 est
380 3223 505 3278 verum,
529 3207 568 3266 ut
593 3206 687 3287 patet
709 3198 785 3287 per³
807 3221 911 3264 annos
933 3199 1104 3264 consulum
1129 3199 1361 3265 Romanorum.

307 3305 352 3370 Et
374 3305 448 3369 ideo
471 3305 533 3369 hoo
555 3304 643 3369 dixit
665 3303 845 3368 seeundum
877 3302 1064 3388 opinionem
1098 3301 1201 3388 vulgi,
1222 3323 1290 3367 non
1320 3325 1361 3368 ex

306 3407 481 3481 defim‘tiva
518 3406 690 3472 sententia.
747 3404 855 3470 Multa
893 3404 981 3469 enim
1020 3405 1136 3470 dicunt
1173 3404 1295 3470 sancti⁴
1325 3411 1360 3472 et

306 3509 453 3574 referunt
491 3508 670 3574 secundum
702 3508 849 3595 vulgum,
881 3505 940 3572 ubi
972 3513 1032 3572 aut
1066 3528 1133 3572 non
1171 3507 1359 3574 habuerunt

306 3633 398 3698 posse
417 3611 660 3677 determinandi
683 3611 868 3690 veritatem,
892 3615 953 3676 aut
975 3615 1109 3696 propter
1131 3608 1359 3676 difficultatem

305 3714 518 3799 reliquerunt,
541 3718 601 3778 aut
633 3713 669 3777 in
701 3712 774 3777 aliis
806 3708 906 3778 satis⁵
941 3713 1099 3798 occupati,
1123 3711 1251 3776 suffecit
1276 3713 1360 3778 illud

304 3817 347 3881 ad
370 3827 501 3902 tempus
523 3816 614 3901 loqui
637 3821 676 3880 ut
698 3816 817 3902 plures,
834 3816 985 3901 quamvis
1008 3814 1073 3879 fuit
1089 3814 1136 3879 eis
1151 3814 1360 3880 sentiendum

305 3925 344 3984 ut
382 3918 486 4005 pauci.
532 3918 577 3983 Et
616 3918 707 3983 Beda
744 3917 923 3984 inclinatur
960 3917 1003 3982 ad
1036 3917 1121 3981 hanc
1154 3917 1360 3996 sententiam,

306 4020 416 4086 diceus
448 4021 536 4107 quod
567 4021 595 4085 si
629 4021 794 4087 inveneris
826 4026 865 4086 ut
896 4019 1136 4106 chronographi
1172 4018 1287 4084 dieunt
1320 4021 1361 4086 de

306 4123 455 4210 passione
478 4122 623 4202 Domini,
640 4125 766 4210 gratias
788 4147 848 4211 age
865 4124 959 4205 De03
982 4144 1049 4188 non
1072 4126 1189 4209 potens
1211 4122 1360 4188 invenire

306 4226 393 4312 quod
425 4225 598 4312 vulgatum
633 4232 693 4292 est.
739 4227 785 4292 Et
808 4249 865 4314 per
887 4226 1017 4292 tabulas
1050 4224 1260 4292 astronomis
1293 4248 1361 4292 non

305 4349 477 4415 possumus
509 4328 657 4392 inveniro
680 4329 768 4413 quod
791 4351 812 4392 a
835 4328 934 4412 vulgo
967 4329 1089 4392 [licitur
1101 4353 1108 4408 ;
1143 4351 1217 4393 curn
1249 4334 1360 4393 tamen

340 4559 346 4587 ¹
359 4557 393 4606 cd
403 4557 459 4622 loc]
479 4574 527 4607 om.
541 4558 571 4607 T.
890 4557 899 4584 ¹
907 4557 966 4620 per]
987 4571 1035 4604 om.
1050 4557 1080 4606 T.

339 4638 349 4665 ²
364 4636 520 4702 Theophilus]
535 4653 562 4688 as
576 4638 667 4702 quoted
683 4637 717 4701 by
729 4636 805 4686 Beda
890 4635 1003 4699 ⁴soneu]
1021 4651 1070 4684 om.
1083 4636 1113 4685 Τ.

306 4717 346 4770 cf.
359 4732 382 4781 p.
394 4722 451 4768 221.
892 4714 987 4780 'reliq
1006 4729 1055 4764 οιιι.
1068 4715 1099 4765 Τ.
