<?xml version="1.0" encoding="UTF-8"?>
<!DOCTYPE html PUBLIC "-//W3C//DTD XHTML 1.0 Transitional//EN"
    "http://www.w3.org/TR/xhtml1/DTD/xhtml1-transitional.dtd">
<html xmlns="http://www.w3.org/1999/xhtml" xml:lang="en" lang="en">
 <head>
  <title>
</title>
<meta http-equiv="Content-Type" content="text/html;charset=utf-8" />
  <meta name='ocr-system' content='tesseract 3.04.00' />
  <meta name='ocr-capabilities' content='ocr_page ocr_carea ocr_par ocr_line ocrx_word'/>
</head>
<body>
  <div class='ocr_page' id='page_1' title='image "./operaqudamhacte00bacogoog/operaqudamhacte00bacogoog_0657.png"; bbox 0 0 3586 5640; ppageno 0'>
   <div class='ocr_carea' id='block_1_1' title="bbox 434 773 1487 863">
    <p class='ocr_par' dir='ltr' id='par_1_1' title="bbox 434 773 1487 863">
     <span class='ocr_line' id='line_1_1' title="bbox 434 773 1487 863; baseline 0 -22"><span class='ocrx_word' id='word_1_1' title='bbox 434 773 527 863; x_wconf 76' lang='lat' dir='ltr'>vus]</span> <span class='ocrx_word' id='word_1_2' title='bbox 849 786 1029 840; x_wconf 79' lang='lat' dir='ltr'>nrrsumx</span> <span class='ocrx_word' id='word_1_3' title='bbox 1050 789 1073 841; x_wconf 82' lang='lat' dir='ltr'>a</span> <span class='ocrx_word' id='word_1_4' title='bbox 1420 776 1487 842; x_wconf 76' lang='lat'>543</span> 
     </span>
    </p>
   </div>
   <div class='ocr_carea' id='block_1_2' title="bbox 345 960 1494 4217">
    <p class='ocr_par' dir='ltr' id='par_1_2' title="bbox 345 960 1494 4217">
     <span class='ocr_line' id='line_1_2' title="bbox 434 960 1490 1052; baseline -0.001 -23"><span class='ocrx_word' id='word_1_5' title='bbox 434 963 517 1052; x_wconf 84' lang='lat' dir='ltr'>gica,</span> <span class='ocrx_word' id='word_1_6' title='bbox 550 985 626 1030; x_wconf 90' lang='lat' dir='ltr'>cum</span> <span class='ocrx_word' id='word_1_7' title='bbox 657 985 710 1029; x_wconf 88' lang='lat' dir='ltr'>ars</span> <span class='ocrx_word' id='word_1_8' title='bbox 740 968 775 1030; x_wconf 87' lang='lat' dir='ltr'>et</span> <span class='ocrx_word' id='word_1_9' title='bbox 806 968 928 1029; x_wconf 89' lang='lat' dir='ltr'>natura</span> <span class='ocrx_word' id='word_1_10' title='bbox 961 962 1149 1045; x_wconf 80' lang='lat' dir='ltr'>sufficiant3</span> <span class='ocrx_word' id='word_1_11' title='bbox 1186 961 1262 1030; x_wconf 89' lang='lat' dir='ltr'>volo</span> <span class='ocrx_word' id='word_1_12' title='bbox 1293 960 1392 1029; x_wconf 88' lang='lat' dir='ltr'>modo</span> <span class='ocrx_word' id='word_1_13' title='bbox 1424 962 1490 1028; x_wconf 92' lang='lat' dir='ltr'>sin·</span> 
     </span>
     <span class='ocr_line' id='line_1_3' title="bbox 435 1064 1490 1154; baseline -0.003 -22"><span class='ocrx_word' id='word_1_14' title='bbox 435 1067 513 1154; x_wconf 83' lang='lat' dir='ltr'>gula</span> <span class='ocrx_word' id='word_1_15' title='bbox 535 1089 594 1154; x_wconf 91' lang='lat' dir='ltr'>per</span> <span class='ocrx_word' id='word_1_16' title='bbox 616 1066 764 1132; x_wconf 87' lang='lat' dir='ltr'><strong>ordinem</strong></span> <span class='ocrx_word' id='word_1_17' title='bbox 786 1066 947 1152; x_wconf 80' lang='lat' dir='ltr'>prosequi,</span> <span class='ocrx_word' id='word_1_18' title='bbox 972 1071 1006 1131; x_wconf 92' lang='lat' dir='ltr'>et</span> <span class='ocrx_word' id='word_1_19' title='bbox 1037 1086 1158 1143; x_wconf 78' lang='lat' dir='ltr'><strong>causas,</strong></span> <span class='ocrx_word' id='word_1_20' title='bbox 1182 1069 1217 1130; x_wconf 92' lang='lat' dir='ltr'>et</span> <span class='ocrx_word' id='word_1_21' title='bbox 1242 1065 1377 1130; x_wconf 93' lang='lat' dir='ltr'>modum</span> <span class='ocrx_word' id='word_1_22' title='bbox 1411 1064 1490 1130; x_wconf 87' lang='lat' dir='ltr'>dare</span> 
     </span>
     <span class='ocr_line' id='line_1_4' title="bbox 345 1166 1490 1256; baseline -0.001 -23"><span class='ocrx_word' id='word_1_23' title='bbox 345 1199 347 1202; x_wconf 46' lang='lat'><em>⁴</em></span> <span class='ocrx_word' id='word_1_24' title='bbox 434 1169 471 1233; x_wconf 90' lang='lat' dir='ltr'>in</span> <span class='ocrx_word' id='word_1_25' title='bbox 502 1169 706 1256; x_wconf 79' lang='lat' dir='ltr'>particulari.</span> <span class='ocrx_word' id='word_1_26' title='bbox 754 1167 821 1234; x_wconf 88' lang='lat' dir='ltr'>Sed</span> <span class='ocrx_word' id='word_1_27' title='bbox 843 1167 1011 1233; x_wconf 88' lang='lat' dir='ltr'>considero</span> <span class='ocrx_word' id='word_1_28' title='bbox 1035 1167 1123 1254; x_wconf 89' lang='lat' dir='ltr'>quod</span> <span class='ocrx_word' id='word_1_29' title='bbox 1145 1167 1181 1231; x_wconf 93' lang='lat' dir='ltr'>in</span> <span class='ocrx_word' id='word_1_30' title='bbox 1207 1166 1349 1253; x_wconf 87' lang='lat' dir='ltr'>pellibus</span> <span class='ocrx_word' id='word_1_31' title='bbox 1378 1189 1490 1254; x_wconf 86' lang='lat' dir='ltr'>capra-</span> 
     </span>
     <span class='ocr_line' id='line_1_5' title="bbox 435 1267 1491 1348; baseline -0.002 -13"><span class='ocrx_word' id='word_1_32' title='bbox 435 1294 509 1335; x_wconf 93' lang='lat' dir='ltr'>rum</span> <span class='ocrx_word' id='word_1_33' title='bbox 542 1277 576 1336; x_wconf 91' lang='lat' dir='ltr'>et</span> <span class='ocrx_word' id='word_1_34' title='bbox 606 1271 720 1336; x_wconf 88' lang='lat' dir='ltr'>ovium</span> <span class='ocrx_word' id='word_1_35' title='bbox 752 1291 820 1335; x_wconf 91' lang='lat' dir='ltr'>non</span> <span class='ocrx_word' id='word_1_36' title='bbox 849 1269 1031 1335; x_wconf 86' lang='lat' dir='ltr'>traduntur</span> <span class='ocrx_word' id='word_1_37' title='bbox 1064 1273 1189 1335; x_wconf 86' lang='lat' dir='ltr'>secreta</span> <span class='ocrx_word' id='word_1_38' title='bbox 1218 1267 1371 1348; x_wconf 86' lang='lat' dir='ltr'>naturae,¹</span> <span class='ocrx_word' id='word_1_39' title='bbox 1404 1273 1444 1333; x_wconf 93' lang='lat' dir='ltr'>ut</span> <span class='ocrx_word' id='word_1_40' title='bbox 1470 1292 1491 1334; x_wconf 88' lang='lat' dir='ltr'>a</span> 
     </span>
     <span class='ocr_line' id='line_1_6' title="bbox 436 1369 1492 1460; baseline -0.003 -22"><span class='ocrx_word' id='word_1_41' title='bbox 436 1374 584 1460; x_wconf 88' lang='lat' dir='ltr'>quolibet</span> <span class='ocrx_word' id='word_1_42' title='bbox 607 1372 846 1459; x_wconf 66' lang='lat' dir='ltr'>intelligantur,</span> <span class='ocrx_word' id='word_1_43' title='bbox 870 1372 956 1438; x_wconf 87' lang='lat' dir='ltr'>sicut</span> <span class='ocrx_word' id='word_1_44' title='bbox 977 1372 1096 1437; x_wconf 91' lang='lat' dir='ltr'>volunt</span> <span class='ocrx_word' id='word_1_45' title='bbox 1127 1369 1278 1437; x_wconf 76' lang='lat' dir='ltr'>Socrates</span> <span class='ocrx_word' id='word_1_46' title='bbox 1305 1374 1339 1435; x_wconf 87' lang='lat' dir='ltr'>et</span> <span class='ocrx_word' id='word_1_47' title='bbox 1362 1369 1492 1436; x_wconf 87' lang='lat' dir='ltr'>Aristo-</span> 
     </span>
     <span class='ocr_line' id='line_1_7' title="bbox 437 1471 1491 1561; baseline -0.002 -21"><span class='ocrx_word' id='word_1_48' title='bbox 437 1476 526 1541; x_wconf 85' lang='lat' dir='ltr'>teles</span> <span class='ocrx_word' id='word_1_49' title='bbox 563 1475 676 1561; x_wconf 83' lang='lat' dir='ltr'>Atque</span> <span class='ocrx_word' id='word_1_50' title='bbox 698 1475 838 1561; x_wconf 82' lang='lat' dir='ltr'>ipsemet</span> <span class='ocrx_word' id='word_1_51' title='bbox 852 1472 1049 1539; x_wconf 76' lang='lat' dir='ltr'>Aristoteles</span> <span class='ocrx_word' id='word_1_52' title='bbox 1072 1472 1155 1538; x_wconf 91' lang='lat' dir='ltr'>dicit</span> <span class='ocrx_word' id='word_1_53' title='bbox 1176 1473 1212 1537; x_wconf 91' lang='lat' dir='ltr'>in</span> <span class='ocrx_word' id='word_1_54' title='bbox 1235 1472 1320 1538; x_wconf 91' lang='lat' dir='ltr'>libro</span> <span class='ocrx_word' id='word_1_55' title='bbox 1344 1471 1491 1538; x_wconf 86' lang='lat' dir='ltr'>Secreto-</span> 
     </span>
     <span class='ocr_line' id='line_1_8' title="bbox 437 1574 1492 1662; baseline 0 -21"><span class='ocrx_word' id='word_1_56' title='bbox 437 1599 519 1655; x_wconf 94' lang='lat' dir='ltr'>rum,</span> <span class='ocrx_word' id='word_1_57' title='bbox 542 1576 630 1662; x_wconf 91' lang='lat' dir='ltr'>quod</span> <span class='ocrx_word' id='word_1_58' title='bbox 653 1580 738 1642; x_wconf 87' lang='lat' dir='ltr'>esset</span> <span class='ocrx_word' id='word_1_59' title='bbox 759 1576 880 1642; x_wconf 83' lang='lat' dir='ltr'>fractor</span> <span class='ocrx_word' id='word_1_60' title='bbox 902 1575 1001 1662; x_wconf 83' lang='lat' dir='ltr'>sigilli</span> <span class='ocrx_word' id='word_1_61' title='bbox 1024 1575 1174 1655; x_wconf 88' lang='lat' dir='ltr'>coelestis,</span> <span class='ocrx_word' id='word_1_62' title='bbox 1190 1574 1219 1640; x_wconf 92' lang='lat' dir='ltr'>si</span> <span class='ocrx_word' id='word_1_63' title='bbox 1237 1575 1492 1641; x_wconf 77' lang='lat' dir='ltr'>communicaret</span> 
     </span>
     <span class='ocr_line' id='line_1_9' title="bbox 437 1676 1492 1764; baseline -0.003 -19"><span class='ocrx_word' id='word_1_64' title='bbox 437 1683 562 1745; x_wconf 90' lang='lat' dir='ltr'>secreta</span> <span class='ocrx_word' id='word_1_65' title='bbox 590 1683 721 1745; x_wconf 79' lang='lat' dir='ltr'>naturae</span> <span class='ocrx_word' id='word_1_66' title='bbox 747 1683 781 1744; x_wconf 90' lang='lat' dir='ltr'>et</span> <span class='ocrx_word' id='word_1_67' title='bbox 806 1679 908 1758; x_wconf 81' lang='lat' dir='ltr'>artis3</span> <span class='ocrx_word' id='word_1_68' title='bbox 940 1677 1122 1764; x_wconf 80' lang='lat' dir='ltr'>adjungens</span> <span class='ocrx_word' id='word_1_69' title='bbox 1156 1676 1244 1763; x_wconf 90' lang='lat' dir='ltr'>quod</span> <span class='ocrx_word' id='word_1_70' title='bbox 1276 1677 1383 1742; x_wconf 91' lang='lat' dir='ltr'>multa</span> <span class='ocrx_word' id='word_1_71' title='bbox 1404 1677 1492 1742; x_wconf 90' lang='lat' dir='ltr'>mala</span> 
     </span>
     <span class='ocr_line' id='line_1_10' title="bbox 437 1779 1492 1867; baseline -0.003 -20"><span class='ocrx_word' id='word_1_72' title='bbox 437 1786 622 1867; x_wconf 90' lang='lat' dir='ltr'>sequuntur</span> <span class='ocrx_word' id='word_1_73' title='bbox 647 1803 722 1847; x_wconf 91' lang='lat' dir='ltr'>eum</span> <span class='ocrx_word' id='word_1_74' title='bbox 746 1781 803 1867; x_wconf 93' lang='lat' dir='ltr'>qui</span> <span class='ocrx_word' id='word_1_75' title='bbox 834 1779 960 1846; x_wconf 79' lang='lat' dir='ltr'>revelat</span> <span class='ocrx_word' id='word_1_76' title='bbox 990 1783 1124 1846; x_wconf 81' lang='lat' dir='ltr'>secreta.</span> <span class='ocrx_word' id='word_1_77' title='bbox 1173 1779 1338 1846; x_wconf 80' lang='lat' dir='ltr'>Caeterum</span> <span class='ocrx_word' id='word_1_78' title='bbox 1372 1779 1408 1844; x_wconf 91' lang='lat' dir='ltr'>in</span> <span class='ocrx_word' id='word_1_79' title='bbox 1431 1779 1492 1845; x_wconf 91' lang='lat' dir='ltr'>hoc</span> 
     </span>
     <span class='ocr_line' id='line_1_11' title="bbox 438 1880 1492 1951; baseline -0.002 -2"><span class='ocrx_word' id='word_1_80' title='bbox 438 1905 515 1949; x_wconf 90' lang='lat' dir='ltr'>casu</span> <span class='ocrx_word' id='word_1_81' title='bbox 545 1883 628 1949; x_wconf 90' lang='lat' dir='ltr'>dicit</span> <span class='ocrx_word' id='word_1_82' title='bbox 650 1885 690 1948; x_wconf 64' lang='grc' dir='ltr'><strong>Α</strong></span> <span class='ocrx_word' id='word_1_83' title='bbox 715 1881 844 1951; x_wconf 85' lang='lat' dir='ltr'>Gellius</span> <span class='ocrx_word' id='word_1_84' title='bbox 873 1883 910 1947; x_wconf 91' lang='lat' dir='ltr'>in</span> <span class='ocrx_word' id='word_1_85' title='bbox 940 1881 1026 1947; x_wconf 90' lang='lat' dir='ltr'>libro</span> <span class='ocrx_word' id='word_1_86' title='bbox 1051 1881 1208 1948; x_wconf 84' lang='lat' dir='ltr'>Noctium</span> <span class='ocrx_word' id='word_1_87' title='bbox 1234 1880 1423 1947; x_wconf 80' lang='lat' dir='ltr'>Atticarum</span> <span class='ocrx_word' id='word_1_88' title='bbox 1450 1881 1492 1947; x_wconf 91' lang='lat' dir='ltr'>de</span> 
     </span>
     <span class='ocr_line' id='line_1_12' title="bbox 439 1983 1491 2072; baseline -0.001 -21"><span class='ocrx_word' id='word_1_89' title='bbox 439 1986 612 2052; x_wconf 82' lang='lat' dir='ltr'>collatione</span> <span class='ocrx_word' id='word_1_90' title='bbox 636 1985 832 2072; x_wconf 91' lang='lat' dir='ltr'>sapientum,</span> <span class='ocrx_word' id='word_1_91' title='bbox 865 1984 954 2071; x_wconf 90' lang='lat' dir='ltr'>quod</span> <span class='ocrx_word' id='word_1_92' title='bbox 978 1983 1119 2051; x_wconf 90' lang='lat' dir='ltr'>stultum</span> <span class='ocrx_word' id='word_1_93' title='bbox 1146 1989 1197 2050; x_wconf 87' lang='lat' dir='ltr'>est</span> <span class='ocrx_word' id='word_1_94' title='bbox 1224 1984 1316 2049; x_wconf 87' lang='lat' dir='ltr'>asino</span> <span class='ocrx_word' id='word_1_95' title='bbox 1345 1983 1491 2071; x_wconf 84' lang='lat' dir='ltr'>praebere</span> 
     </span>
     <span class='ocr_line' id='line_1_13' title="bbox 438 2085 1492 2174; baseline -0.001 -21"><span class='ocrx_word' id='word_1_96' title='bbox 438 2089 591 2166; x_wconf 89' lang='lat' dir='ltr'>lactucas,</span> <span class='ocrx_word' id='word_1_97' title='bbox 625 2109 728 2174; x_wconf 91' lang='lat' dir='ltr'>quum</span> <span class='ocrx_word' id='word_1_98' title='bbox 762 2088 793 2153; x_wconf 90' lang='lat' dir='ltr'>ei</span> <span class='ocrx_word' id='word_1_99' title='bbox 827 2086 992 2153; x_wconf 85' lang='lat' dir='ltr'>sufficiant</span> <span class='ocrx_word' id='word_1_100' title='bbox 1025 2086 1147 2154; x_wconf 88' lang='lat' dir='ltr'>cardui.</span> <span class='ocrx_word' id='word_1_101' title='bbox 1205 2085 1317 2172; x_wconf 87' lang='lat' dir='ltr'>Atque</span> <span class='ocrx_word' id='word_1_102' title='bbox 1349 2086 1386 2152; x_wconf 89' lang='lat' dir='ltr'>in</span> <span class='ocrx_word' id='word_1_103' title='bbox 1407 2086 1492 2152; x_wconf 91' lang='lat' dir='ltr'>libro</span> 
     </span>
     <span class='ocr_line' id='line_1_14' title="bbox 441 2188 1491 2276; baseline 0 -21"><span class='ocrx_word' id='word_1_104' title='bbox 441 2190 603 2276; x_wconf 81' lang='lat' dir='ltr'>Lepidum</span> <span class='ocrx_word' id='word_1_105' title='bbox 626 2189 788 2268; x_wconf 87' lang='lat' dir='ltr'>scribitur,</span> <span class='ocrx_word' id='word_1_106' title='bbox 815 2189 902 2276; x_wconf 92' lang='lat' dir='ltr'>quod</span> <span class='ocrx_word' id='word_1_107' title='bbox 925 2211 1035 2256; x_wconf 90' lang='lat' dir='ltr'>rerum</span> <span class='ocrx_word' id='word_1_108' title='bbox 1057 2189 1180 2254; x_wconf 91' lang='lat' dir='ltr'>minuit</span> <span class='ocrx_word' id='word_1_109' title='bbox 1201 2188 1410 2275; x_wconf 86' lang='lat' dir='ltr'>majestatem</span> <span class='ocrx_word' id='word_1_110' title='bbox 1433 2191 1491 2275; x_wconf 90' lang='lat' dir='ltr'>qui</span> 
     </span>
     <span class='ocr_line' id='line_1_15' title="bbox 440 2290 1493 2378; baseline 0.001 -22"><span class='ocrx_word' id='word_1_111' title='bbox 440 2292 592 2378; x_wconf 86' lang='lat' dir='ltr'>divulgat</span> <span class='ocrx_word' id='word_1_112' title='bbox 614 2291 756 2376; x_wconf 88' lang='lat' dir='ltr'>mystica</span> <span class='ocrx_word' id='word_1_113' title='bbox 769 2315 778 2371; x_wconf 90' lang='lat'>;</span> <span class='ocrx_word' id='word_1_114' title='bbox 797 2312 857 2356; x_wconf 90' lang='lat' dir='ltr'>nec</span> <span class='ocrx_word' id='word_1_115' title='bbox 871 2296 1009 2357; x_wconf 88' lang='lat' dir='ltr'>manent</span> <span class='ocrx_word' id='word_1_116' title='bbox 1024 2295 1150 2357; x_wconf 87' lang='lat' dir='ltr'>secreta</span> <span class='ocrx_word' id='word_1_117' title='bbox 1164 2312 1304 2377; x_wconf 91' lang='lat' dir='ltr'>quorum</span> <span class='ocrx_word' id='word_1_118' title='bbox 1320 2290 1420 2356; x_wconf 89' lang='lat' dir='ltr'>turba</span> <span class='ocrx_word' id='word_1_119' title='bbox 1442 2297 1493 2357; x_wconf 90' lang='lat' dir='ltr'>est</span> 
     </span>
     <span class='ocr_line' id='line_1_16' title="bbox 439 2393 1492 2480; baseline 0 -21"><span class='ocrx_word' id='word_1_120' title='bbox 439 2394 574 2459; x_wconf 87' lang='lat' dir='ltr'>conscia</span> <span class='ocrx_word' id='word_1_121' title='bbox 630 2393 683 2458; x_wconf 83' lang='lat' dir='ltr'>Ex</span> <span class='ocrx_word' id='word_1_122' title='bbox 713 2393 874 2460; x_wconf 92' lang='lat' dir='ltr'>divisione</span> <span class='ocrx_word' id='word_1_123' title='bbox 903 2393 1066 2480; x_wconf 88' lang='lat' dir='ltr'>probabili</span> <span class='ocrx_word' id='word_1_124' title='bbox 1096 2397 1206 2480; x_wconf 91' lang='lat' dir='ltr'>potest</span> <span class='ocrx_word' id='word_1_125' title='bbox 1235 2393 1355 2480; x_wconf 86' lang='lat' dir='ltr'>vulgus</span> <span class='ocrx_word' id='word_1_126' title='bbox 1386 2394 1492 2460; x_wconf 90' lang='lat' dir='ltr'>dividi</span> 
     </span>
     <span class='ocr_line' id='line_1_17' title="bbox 439 2494 1493 2583; baseline 0.001 -25"><span class='ocrx_word' id='word_1_127' title='bbox 439 2495 475 2560; x_wconf 93' lang='lat' dir='ltr'>in</span> <span class='ocrx_word' id='word_1_128' title='bbox 508 2495 696 2581; x_wconf 92' lang='lat' dir='ltr'>oppositum</span> <span class='ocrx_word' id='word_1_129' title='bbox 730 2500 846 2561; x_wconf 89' lang='lat' dir='ltr'>contra</span> <span class='ocrx_word' id='word_1_130' title='bbox 881 2495 1057 2583; x_wconf 89' lang='lat' dir='ltr'>sapientes.</span> <span class='ocrx_word' id='word_1_131' title='bbox 1119 2494 1208 2559; x_wconf 92' lang='lat' dir='ltr'>Nam</span> <span class='ocrx_word' id='word_1_132' title='bbox 1234 2495 1324 2582; x_wconf 89' lang='lat' dir='ltr'>quod</span> <span class='ocrx_word' id='word_1_133' title='bbox 1359 2496 1493 2562; x_wconf 90' lang='lat' dir='ltr'>videtur</span> 
     </span>
     <span class='ocr_line' id='line_1_18' title="bbox 440 2596 1492 2684; baseline 0.003 -23"><span class='ocrx_word' id='word_1_134' title='bbox 440 2597 593 2662; x_wconf 90' lang='lat' dir='ltr'>omnibus</span> <span class='ocrx_word' id='word_1_135' title='bbox 622 2601 674 2662; x_wconf 91' lang='lat' dir='ltr'>est</span> <span class='ocrx_word' id='word_1_136' title='bbox 704 2618 828 2675; x_wconf 89' lang='lat' dir='ltr'>verum,</span> <span class='ocrx_word' id='word_1_137' title='bbox 860 2601 895 2663; x_wconf 91' lang='lat' dir='ltr'>et</span> <span class='ocrx_word' id='word_1_138' title='bbox 925 2597 1013 2684; x_wconf 91' lang='lat' dir='ltr'>quod</span> <span class='ocrx_word' id='word_1_139' title='bbox 1046 2596 1250 2684; x_wconf 89' lang='lat' dir='ltr'>sapientibus</span> <span class='ocrx_word' id='word_1_140' title='bbox 1273 2597 1432 2676; x_wconf 84' lang='lat' dir='ltr'>similiter,</span> <span class='ocrx_word' id='word_1_141' title='bbox 1457 2603 1492 2664; x_wconf 89' lang='lat' dir='ltr'>et</span> 
     </span>
     <span class='ocr_line' id='line_1_19' title="bbox 439 2692 1492 2788; baseline 0.003 -25"><span class='ocrx_word' id='word_1_142' title='bbox 439 2700 584 2765; x_wconf 82' lang='lat' dir='ltr'>maxime</span> <span class='ocrx_word' id='word_1_143' title='bbox 606 2699 705 2765; x_wconf 90' lang='lat' dir='ltr'>notis.</span> <span class='ocrx_word' id='word_1_144' title='bbox 754 2697 843 2786; x_wconf 86' lang='lat' dir='ltr'>Ergo</span> <span class='ocrx_word' id='word_1_145' title='bbox 869 2700 958 2785; x_wconf 91' lang='lat' dir='ltr'>quod</span> <span class='ocrx_word' id='word_1_146' title='bbox 982 2692 1143 2786; x_wconf 77' lang='lat' dir='ltr'>plurib&#39;us,</span> <span class='ocrx_word' id='word_1_147' title='bbox 1159 2698 1221 2767; x_wconf 92' lang='lat' dir='ltr'>hoc</span> <span class='ocrx_word' id='word_1_148' title='bbox 1244 2704 1295 2766; x_wconf 89' lang='lat' dir='ltr'>est</span> <span class='ocrx_word' id='word_1_149' title='bbox 1321 2701 1433 2788; x_wconf 84' lang='lat' dir='ltr'>vulgo,</span> <span class='ocrx_word' id='word_1_150' title='bbox 1455 2703 1492 2766; x_wconf 91' lang='lat' dir='ltr'>in</span> 
     </span>
     <span class='ocr_line' id='line_1_20' title="bbox 438 2802 1489 2889; baseline 0.003 -23"><span class='ocrx_word' id='word_1_151' title='bbox 438 2807 600 2887; x_wconf 90' lang='lat' dir='ltr'>quantum</span> <span class='ocrx_word' id='word_1_152' title='bbox 623 2802 813 2889; x_wconf 92' lang='lat' dir='ltr'>hujusmodi</span> <span class='ocrx_word' id='word_1_153' title='bbox 835 2802 979 2883; x_wconf 80' lang='lat' dir='ltr'>videtur,</span> <span class='ocrx_word' id='word_1_154' title='bbox 1013 2807 1144 2889; x_wconf 91' lang='lat' dir='ltr'>oportet</span> <span class='ocrx_word' id='word_1_155' title='bbox 1167 2803 1256 2888; x_wconf 90' lang='lat' dir='ltr'>quod</span> <span class='ocrx_word' id='word_1_156' title='bbox 1281 2803 1326 2868; x_wconf 91' lang='lat' dir='ltr'>sit</span> <span class='ocrx_word' id='word_1_157' title='bbox 1348 2802 1489 2870; x_wconf 86' lang='lat' dir='ltr'>falsum:</span> 
     </span>
     <span class='ocr_line' id='line_1_21' title="bbox 438 2903 1493 2991; baseline 0.004 -23"><span class='ocrx_word' id='word_1_158' title='bbox 438 2903 479 2970; x_wconf 91' lang='lat' dir='ltr'>de</span> <span class='ocrx_word' id='word_1_159' title='bbox 501 2906 603 2991; x_wconf 85' lang='lat' dir='ltr'>vulgo</span> <span class='ocrx_word' id='word_1_160' title='bbox 625 2905 748 2991; x_wconf 91' lang='lat' dir='ltr'>loquor,</span> <span class='ocrx_word' id='word_1_161' title='bbox 770 2905 860 2990; x_wconf 88' lang='lat' dir='ltr'>quod</span> <span class='ocrx_word' id='word_1_162' title='bbox 881 2909 997 2970; x_wconf 89' lang='lat' dir='ltr'>contra</span> <span class='ocrx_word' id='word_1_163' title='bbox 1018 2904 1183 2990; x_wconf 90' lang='lat' dir='ltr'>sapientes</span> <span class='ocrx_word' id='word_1_164' title='bbox 1200 2905 1236 2968; x_wconf 90' lang='lat' dir='ltr'>in</span> <span class='ocrx_word' id='word_1_165' title='bbox 1256 2903 1317 2970; x_wconf 90' lang='lat' dir='ltr'>hac</span> <span class='ocrx_word' id='word_1_166' title='bbox 1332 2905 1493 2972; x_wconf 88' lang='lat' dir='ltr'>divisione</span> 
     </span>
     <span class='ocr_line' id='line_1_22' title="bbox 438 3006 1493 3094; baseline 0.002 -23"><span class='ocrx_word' id='word_1_167' title='bbox 438 3007 602 3093; x_wconf 88' lang='lat' dir='ltr'>probabili</span> <span class='ocrx_word' id='word_1_168' title='bbox 629 3007 854 3093; x_wconf 88' lang='lat' dir='ltr'>distinguitur.</span> <span class='ocrx_word' id='word_1_169' title='bbox 900 3006 988 3070; x_wconf 89' lang='lat' dir='ltr'>Nam</span> <span class='ocrx_word' id='word_1_170' title='bbox 1016 3006 1052 3070; x_wconf 95' lang='lat' dir='ltr'>in</span> <span class='ocrx_word' id='word_1_171' title='bbox 1078 3006 1306 3071; x_wconf 88' lang='lat' dir='ltr'>communibus</span> <span class='ocrx_word' id='word_1_172' title='bbox 1331 3009 1493 3094; x_wconf 88' lang='lat' dir='ltr'>concepti·</span> 
     </span>
     <span class='ocr_line' id='line_1_23' title="bbox 439 3106 1494 3195; baseline 0.003 -22"><span class='ocrx_word' id='word_1_173' title='bbox 439 3109 501 3173; x_wconf 92' lang='lat' dir='ltr'>bus</span> <span class='ocrx_word' id='word_1_174' title='bbox 524 3109 627 3173; x_wconf 88' lang='lat' dir='ltr'>animi</span> <span class='ocrx_word' id='word_1_175' title='bbox 649 3107 825 3174; x_wconf 87' lang='lat' dir='ltr'>concordat</span> <span class='ocrx_word' id='word_1_176' title='bbox 847 3128 920 3172; x_wconf 90' lang='lat' dir='ltr'>cum</span> <span class='ocrx_word' id='word_1_177' title='bbox 948 3106 1162 3193; x_wconf 90' lang='lat' dir='ltr'>sapientibus,</span> <span class='ocrx_word' id='word_1_178' title='bbox 1185 3107 1241 3173; x_wconf 88' lang='lat' dir='ltr'>sed</span> <span class='ocrx_word' id='word_1_179' title='bbox 1266 3108 1302 3171; x_wconf 91' lang='lat' dir='ltr'>in</span> <span class='ocrx_word' id='word_1_180' title='bbox 1323 3108 1494 3195; x_wconf 86' lang='lat' dir='ltr'>principiis</span> 
     </span>
     <span class='ocr_line' id='line_1_24' title="bbox 437 3207 1494 3296; baseline 0.001 -22"><span class='ocrx_word' id='word_1_181' title='bbox 437 3211 578 3296; x_wconf 90' lang='lat' dir='ltr'>propriis</span> <span class='ocrx_word' id='word_1_182' title='bbox 616 3215 651 3274; x_wconf 92' lang='lat' dir='ltr'>et</span> <span class='ocrx_word' id='word_1_183' title='bbox 687 3207 950 3274; x_wconf 86' lang='lat' dir='ltr'>conclusionibus</span> <span class='ocrx_word' id='word_1_184' title='bbox 987 3209 1109 3273; x_wconf 90' lang='lat' dir='ltr'>artium</span> <span class='ocrx_word' id='word_1_185' title='bbox 1152 3214 1187 3275; x_wconf 90' lang='lat' dir='ltr'>et</span> <span class='ocrx_word' id='word_1_186' title='bbox 1224 3208 1435 3275; x_wconf 87' lang='lat' dir='ltr'>scientiarum</span> <span class='ocrx_word' id='word_1_187' title='bbox 1473 3235 1494 3276; x_wconf 89' lang='lat' dir='ltr'>a</span> 
     </span>
     <span class='ocr_line' id='line_1_25' title="bbox 439 3310 1493 3398; baseline 0.002 -22"><span class='ocrx_word' id='word_1_188' title='bbox 439 3311 643 3397; x_wconf 87' lang='lat' dir='ltr'>sapientibus</span> <span class='ocrx_word' id='word_1_189' title='bbox 681 3311 855 3390; x_wconf 86' lang='lat' dir='ltr'>discordat,</span> <span class='ocrx_word' id='word_1_190' title='bbox 890 3310 1066 3376; x_wconf 74' lang='lat' dir='ltr'>laborans²</span> <span class='ocrx_word' id='word_1_191' title='bbox 1099 3311 1184 3376; x_wconf 88' lang='lat' dir='ltr'>circa</span> <span class='ocrx_word' id='word_1_192' title='bbox 1217 3313 1427 3398; x_wconf 79' lang='lat' dir='ltr'>apparentiae</span> <span class='ocrx_word' id='word_1_193' title='bbox 1456 3315 1493 3378; x_wconf 92' lang='lat' dir='ltr'>in</span> 
     </span>
     <span class='ocr_line' id='line_1_26' title="bbox 439 3413 1492 3499; baseline 0.004 -21"><span class='ocrx_word' id='word_1_194' title='bbox 439 3413 704 3498; x_wconf 87' lang='lat' dir='ltr'>sophismatibus,</span> <span class='ocrx_word' id='word_1_195' title='bbox 737 3418 772 3480; x_wconf 93' lang='lat' dir='ltr'>et</span> <span class='ocrx_word' id='word_1_196' title='bbox 805 3413 990 3490; x_wconf 90' lang='lat' dir='ltr'>inutilibus,</span> <span class='ocrx_word' id='word_1_197' title='bbox 1017 3413 1058 3479; x_wconf 88' lang='lat' dir='ltr'>de</span> <span class='ocrx_word' id='word_1_198' title='bbox 1085 3413 1204 3499; x_wconf 88' lang='lat' dir='ltr'>quibus</span> <span class='ocrx_word' id='word_1_199' title='bbox 1235 3415 1399 3499; x_wconf 87' lang='lat' dir='ltr'>sapientes</span> <span class='ocrx_word' id='word_1_200' title='bbox 1424 3437 1492 3482; x_wconf 91' lang='lat' dir='ltr'>non</span> 
     </span>
     <span class='ocr_line' id='line_1_27' title="bbox 438 3515 1492 3604; baseline 0.002 -22"><span class='ocrx_word' id='word_1_201' title='bbox 438 3521 563 3582; x_wconf 89' lang='lat' dir='ltr'>curant.</span> <span class='ocrx_word' id='word_1_202' title='bbox 609 3515 652 3580; x_wconf 94' lang='lat' dir='ltr'>In</span> <span class='ocrx_word' id='word_1_203' title='bbox 673 3515 813 3602; x_wconf 89' lang='lat' dir='ltr'>propriis</span> <span class='ocrx_word' id='word_1_204' title='bbox 835 3516 939 3604; x_wconf 78' lang='lat' dir='ltr'>igitur</span> <span class='ocrx_word' id='word_1_205' title='bbox 953 3515 1008 3582; x_wconf 90' lang='lat' dir='ltr'>vel</span> <span class='ocrx_word' id='word_1_206' title='bbox 1033 3516 1165 3581; x_wconf 88' lang='lat' dir='ltr'>secretis</span> <span class='ocrx_word' id='word_1_207' title='bbox 1180 3516 1300 3603; x_wconf 79' lang='lat' dir='ltr'>vulgus</span> <span class='ocrx_word' id='word_1_208' title='bbox 1323 3523 1434 3600; x_wconf 83' lang='lat' dir='ltr'>errat3</span> <span class='ocrx_word' id='word_1_209' title='bbox 1458 3524 1492 3584; x_wconf 90' lang='lat' dir='ltr'>et</span> 
     </span>
     <span class='ocr_line' id='line_1_28' title="bbox 439 3616 1492 3705; baseline 0 -21"><span class='ocrx_word' id='word_1_210' title='bbox 439 3620 486 3684; x_wconf 86' lang='lat' dir='ltr'>sio</span> <span class='ocrx_word' id='word_1_211' title='bbox 522 3618 686 3684; x_wconf 88' lang='lat' dir='ltr'>dividitur</span> <span class='ocrx_word' id='word_1_212' title='bbox 721 3622 836 3684; x_wconf 91' lang='lat' dir='ltr'>contra</span> <span class='ocrx_word' id='word_1_213' title='bbox 872 3617 1062 3705; x_wconf 81' lang='lat' dir='ltr'>sapientes3</span> <span class='ocrx_word' id='word_1_214' title='bbox 1093 3617 1151 3682; x_wconf 89' lang='lat' dir='ltr'>sed</span> <span class='ocrx_word' id='word_1_215' title='bbox 1188 3616 1225 3682; x_wconf 92' lang='lat' dir='ltr'>in</span> <span class='ocrx_word' id='word_1_216' title='bbox 1263 3619 1492 3686; x_wconf 91' lang='lat' dir='ltr'>communibus</span> 
     </span>
     <span class='ocr_line' id='line_1_29' title="bbox 438 3719 1493 3807; baseline 0.003 -22"><span class='ocrx_word' id='word_1_217' title='bbox 438 3720 542 3785; x_wconf 89' lang='lat' dir='ltr'>animi</span> <span class='ocrx_word' id='word_1_218' title='bbox 571 3719 847 3807; x_wconf 87' lang='lat' dir='ltr'>conceptionibus,</span> <span class='ocrx_word' id='word_1_219' title='bbox 874 3720 1035 3807; x_wconf 81' lang='lat' dir='ltr'>sublege</span> <span class='ocrx_word' id='word_1_220' title='bbox 1062 3719 1210 3785; x_wconf 90' lang='lat' dir='ltr'>omnium</span> <span class='ocrx_word' id='word_1_221' title='bbox 1237 3721 1434 3802; x_wconf 88' lang='lat' dir='ltr'>continetur,</span> <span class='ocrx_word' id='word_1_222' title='bbox 1457 3730 1493 3788; x_wconf 88' lang='lat' dir='ltr'>et</span> 
     </span>
     <span class='ocr_line' id='line_1_30' title="bbox 438 3821 1492 3910; baseline 0.002 -21"><span class='ocrx_word' id='word_1_223' title='bbox 438 3843 514 3889; x_wconf 85' lang='lat' dir='ltr'>cum</span> <span class='ocrx_word' id='word_1_224' title='bbox 536 3822 741 3909; x_wconf 85' lang='lat' dir='ltr'>sapientibus</span> <span class='ocrx_word' id='word_1_225' title='bbox 762 3822 947 3888; x_wconf 83' lang='lat' dir='ltr'>concordat.</span> <span class='ocrx_word' id='word_1_226' title='bbox 994 3821 1061 3888; x_wconf 87' lang='lat' dir='ltr'>Sed</span> <span class='ocrx_word' id='word_1_227' title='bbox 1082 3821 1270 3887; x_wconf 90' lang='lat' dir='ltr'>communia</span> <span class='ocrx_word' id='word_1_228' title='bbox 1291 3824 1386 3910; x_wconf 84' lang='lat' dir='ltr'>parvi</span> <span class='ocrx_word' id='word_1_229' title='bbox 1413 3831 1492 3891; x_wconf 91' lang='lat' dir='ltr'>sunt</span> 
     </span>
     <span class='ocr_line' id='line_1_31' title="bbox 438 3922 1493 4012; baseline 0.002 -22"><span class='ocrx_word' id='word_1_230' title='bbox 438 3924 569 4004; x_wconf 85' lang='lat' dir='ltr'>valoris,</span> <span class='ocrx_word' id='word_1_231' title='bbox 593 3945 653 3990; x_wconf 87' lang='lat' dir='ltr'>nec</span> <span class='ocrx_word' id='word_1_232' title='bbox 675 3928 810 4011; x_wconf 88' lang='lat' dir='ltr'>propter</span> <span class='ocrx_word' id='word_1_233' title='bbox 832 3945 866 3989; x_wconf 91' lang='lat' dir='ltr'>se</span> <span class='ocrx_word' id='word_1_234' title='bbox 889 3923 1074 4009; x_wconf 76' lang='lat' dir='ltr'>quaerenda,</span> <span class='ocrx_word' id='word_1_235' title='bbox 1105 3922 1163 3989; x_wconf 89' lang='lat' dir='ltr'>sed</span> <span class='ocrx_word' id='word_1_236' title='bbox 1192 3929 1327 4011; x_wconf 85' lang='lat' dir='ltr'>propter</span> <span class='ocrx_word' id='word_1_237' title='bbox 1350 3927 1493 4012; x_wconf 87' lang='lat' dir='ltr'>particu-</span> 
     </span>
     <span class='ocr_line' id='line_1_32' title="bbox 432 4025 1491 4116; baseline 0.006 -27"><span class='ocrx_word' id='word_1_238' title='bbox 432 4027 521 4092; x_wconf 87' lang='lat' dir='ltr'>laria</span> <span class='ocrx_word' id='word_1_239' title='bbox 543 4032 578 4093; x_wconf 91' lang='lat' dir='ltr'>et</span> <span class='ocrx_word' id='word_1_240' title='bbox 599 4026 737 4114; x_wconf 82' lang='lat' dir='ltr'>propria</span> <span class='ocrx_word' id='word_1_241' title='bbox 784 4026 851 4093; x_wconf 87' lang='lat' dir='ltr'>Sed</span> <span class='ocrx_word' id='word_1_242' title='bbox 875 4048 972 4093; x_wconf 89' lang='lat' dir='ltr'>causa</span> <span class='ocrx_word' id='word_1_243' title='bbox 992 4025 1090 4111; x_wconf 88' lang='lat' dir='ltr'>hujus</span> <span class='ocrx_word' id='word_1_244' title='bbox 1114 4026 1263 4092; x_wconf 84' lang='lat' dir='ltr'>latentiae</span> <span class='ocrx_word' id='word_1_245' title='bbox 1285 4027 1380 4114; x_wconf 83' lang='lat' dir='ltr'>vulgi</span> <span class='ocrx_word' id='word_1_246' title='bbox 1403 4030 1491 4116; x_wconf 89' lang='lat' dir='ltr'>apud</span> 
     </span>
     <span class='ocr_line' id='line_1_33' title="bbox 439 4127 1492 4217; baseline 0.003 -22"><span class='ocrx_word' id='word_1_247' title='bbox 439 4151 552 4197; x_wconf 91' lang='lat' dir='ltr'>omnes</span> <span class='ocrx_word' id='word_1_248' title='bbox 577 4129 740 4216; x_wconf 87' lang='lat' dir='ltr'>sapientes</span> <span class='ocrx_word' id='word_1_249' title='bbox 762 4127 836 4207; x_wconf 92' lang='lat' dir='ltr'>fuit,</span> <span class='ocrx_word' id='word_1_250' title='bbox 861 4129 939 4216; x_wconf 89' lang='lat' dir='ltr'>quia</span> <span class='ocrx_word' id='word_1_251' title='bbox 963 4128 1084 4217; x_wconf 68' lang='lat' dir='ltr'>vulgas</span> <span class='ocrx_word' id='word_1_252' title='bbox 1110 4127 1239 4194; x_wconf 90' lang='lat' dir='ltr'>deridet</span> <span class='ocrx_word' id='word_1_253' title='bbox 1261 4129 1433 4216; x_wconf 89' lang='lat' dir='ltr'>sapientes,</span> <span class='ocrx_word' id='word_1_254' title='bbox 1457 4136 1492 4198; x_wconf 90' lang='lat' dir='ltr'>ct</span> 
     </span>
    </p>
   </div>
   <div class='ocr_carea' id='block_1_3' title="bbox 438 4484 1493 4714">
    <p class='ocr_par' dir='ltr' id='par_1_3' title="bbox 438 4484 1493 4714">
     <span class='ocr_line' id='line_1_34' title="bbox 471 4484 1493 4564; baseline 0.023 -43"><span class='ocrx_word' id='word_1_255' title='bbox 471 4489 598 4556; x_wconf 61' lang='lat' dir='ltr'>amm]</span> <span class='ocrx_word' id='word_1_256' title='bbox 617 4486 734 4538; x_wconf 66' lang='lat' dir='ltr'>“Debuit</span> <span class='ocrx_word' id='word_1_257' title='bbox 749 4485 839 4536; x_wconf 78' lang='lat' dir='ltr'>amo</span> <span class='ocrx_word' id='word_1_258' title='bbox 856 4498 941 4536; x_wconf 84' lang='lat' dir='ltr'>exem·</span> <span class='ocrx_word' id='word_1_259' title='bbox 961 4487 967 4564; x_wconf 78' lang='grc' dir='ltr'>Ι</span> <span class='ocrx_word' id='word_1_260' title='bbox 991 4485 1038 4535; x_wconf 89' lang='lat' dir='ltr'>bus</span> <span class='ocrx_word' id='word_1_261' title='bbox 1058 4491 1085 4536; x_wconf 79' lang='lat' dir='ltr'>et</span> <span class='ocrx_word' id='word_1_262' title='bbox 1106 4484 1246 4548; x_wconf 77' lang='lat' dir='ltr'>mutilibus,</span> <span class='ocrx_word' id='word_1_263' title='bbox 1268 4486 1380 4542; x_wconf 76' lang='lat' dir='ltr'>colorant</span> <span class='ocrx_word' id='word_1_264' title='bbox 1404 4505 1493 4543; x_wconf 78' lang='lat' dir='ltr'>causas</span> 
     </span>
     <span class='ocr_line' id='line_1_35' title="bbox 438 4561 1259 4692; baseline 0.021 -91"><span class='ocrx_word' id='word_1_265' title='bbox 438 4567 570 4633; x_wconf 52' lang='lat' dir='ltr'>phripqffi</span> <span class='ocrx_word' id='word_1_266' title='bbox 694 4567 696 4570; x_wconf 55' lang='lat'><strong>⁴</strong></span> <span class='ocrx_word' id='word_1_267' title='bbox 845 4642 852 4656; x_wconf 25' lang='lat'>²</span> <span class='ocrx_word' id='word_1_268' title='bbox 960 4565 968 4692; x_wconf 73' lang='grc' dir='ltr'>Ι</span> <span class='ocrx_word' id='word_1_269' title='bbox 991 4562 1192 4629; x_wconf 74' lang='lat' dir='ltr'>sophismatibus,</span> <span class='ocrx_word' id='word_1_270' title='bbox 1202 4561 1259 4618; x_wconf 77' lang='lat' dir='ltr'>MS.</span> 
     </span>
     <span class='ocr_line' id='line_1_36' title="bbox 470 4641 938 4714; baseline 0.011 -15"><span class='ocrx_word' id='word_1_271' title='bbox 470 4646 619 4714; x_wconf 63' lang='lat' dir='ltr'>&#39;laborasd</span> <span class='ocrx_word' id='word_1_272' title='bbox 657 4660 751 4699; x_wconf 72' lang='lat' dir='ltr'>means</span> <span class='ocrx_word' id='word_1_273' title='bbox 781 4641 938 4711; x_wconf 70' lang='lat' dir='ltr'>wphlmfl·</span> 
     </span>
    </p>
   </div>
   <div class='ocr_carea' id='block_1_4' title="bbox 0 0 1802 5640">
    <p class='ocr_par' dir='ltr' id='par_1_4' title="bbox 0 0 1802 5640">
     <span class='ocr_line' id='line_1_37' title="bbox 0 0 1802 5640; baseline 0 0"><span class='ocrx_word' id='word_1_274' title='bbox 0 0 1802 5640; x_wconf 95' lang='lat' dir='ltr'> </span> 
     </span>
    </p>
   </div>
  </div>
 </body>
</html>
