3586 5640
318 787 436 872 mur]
698 805 784 855 orus
806 804 968 857 ruamus.
1305 791 1370 856 259

317 976 473 1057 Statium,
496 983 531 1042 at
564 977 699 1043 nomina
729 981 844 1065 primae
876 985 910 1046 et
943 979 1094 1047 secundae
1130 979 1368 1059 declinationis,

315 1083 355 1142 ut
385 1079 541 1167 chiragra,
566 1082 720 1166 podagra,
752 1103 904 1168 oeragra3
938 1082 974 1148 in
999 1081 1124 1159 Exodo,
1148 1104 1278 1168 onager,
1302 1104 1370 1150 aar·

314 1182 489 1270 cophagus.
528 1181 752 1271 Excipiuntur
773 1183 973 1271 Areopagus‚
998 1205 1175 1272 praesagus,
1199 1184 1369 1271 suffragor.

360 1307 383 1349 a
405 1291 483 1350 ante
506 1284 519 1349 l
544 1287 723 1365 breviatur,
756 1291 796 1351 ut
830 1285 998 1366 Tantalus,
1024 1287 1187 1374 Caligula,
1215 1287 1367 1370 bubalus,

315 1387 512 1474 cymbalum,
557 1389 769 1465 onocrotalus,
801 1393 842 1453 ιιι
879 1389 915 1453 in
949 1389 1097 1454 Levitico
1135 1395 1169 1454 et
1207 1389 1368 1456 Deutero-
1394 1378 1395 1381 Ἴ

313 1490 444 1570 nomia3
478 1495 513 1555 et
546 1491 687 1577 genitivi
720 1491 892 1556 masculini
915 1491 1050 1578 generis,
1073 1495 1113 1555 ut
1136 1490 1367 1558 Hannibalis:

314 1591 372 1655 sed
395 1593 606 1679 excipiuntur
627 1592 765 1671 annalis,
788 1595 922 1673 extales,
944 1594 1123 1679 vectigalis.

358 1715 382 1759 o
411 1700 488 1760 anta
518 1718 556 1761 m
589 1696 767 1775 breviatur,
800 1701 839 1760 ut
871 1695 1070 1775 Semiramis,
1108 1696 1262 1782 pyramis,
1299 1695 1367 1761 oin·

313 1817 456 1862 nemum.
502 1797 602 1864 Unde
627 1797 738 1863 Macer
766 1798 927 1886 [lxxiii.]:

339 1933 357 1964 “
374 1927 535 1997 Cinnama
556 1935 624 1997 tras
646 1929 768 2016 species
791 1929 948 1994 dicuntur
962 1929 1090 2007 habere,
1114 1927 1172 1994 sed
1193 1927 1339 1995 harum.”

313 2055 379 2127 Sed
402 2057 438 2122 in
467 2062 586 2125 neutro
614 2077 734 2143 genera
763 2056 872 2125 tertiae
902 2056 1132 2127 declinationis
1161 2056 1362 2143 producitur,

312 2163 351 2223 ut
373 2159 527 2239 solamen,
551 2160 742 2244 thymiama
1211 2211 1217 2223 .

357 2283 381 2329 o
402 2267 481 2327 ante
506 2283 535 2326 a
559 2261 736 2341 breviatur,
760 2265 800 2329 ut
824 2261 981 2342 Helcana‚
999 2261 1196 2348 Bragmana,
1221 2261 1361 2351 ptisana

311 2363 500 2449 galbanum,
534 2362 688 2441 Libanus,
721 2363 883 2449 platanus,
919 2364 1092 2452 Garganus
1129 2386 1188 2450 pro
1221 2363 1361 2430 homine.

313 2464 379 2654 [Sed
403 2465 575 2552 Garganus
596 2486 657 2552 pro
687 2472 801 2533 monta
823 2467 1023 2552 producitur.
1075 2467 1175 2534 Unde
1209 2466 1362 2535 Lucanus

328 2591 357 2632 v.
375 2569 488 2654 380.]:

401 2695 586 2782 “Appulus
608 2695 768 2762 Adriacas
790 2697 861 2760 exit
884 2696 1057 2782 Garganus
1079 2696 1115 2761 in
1138 2694 1272 2761 undaa''

310 2819 507 2886 Derivativa
530 2841 608 2885 vero
629 2821 865 2907 producuntur,
887 2827 926 2885 ιιι
950 2819 1139 2906 Spartanus,
1171 2819 1360 2900 Romanus3

309 2928 343 2986 et
363 2922 489 3008 obliqui
522 2923 580 3008 qul
601 2923 743 2988 veniunt
766 2945 787 2986 a
808 2923 941 2987 nomine
979 2922 1147 2987 desinente
1180 2921 1216 2985 in
1238 2942 1295 2998 on,
1320 2926 1359 2986 ut

307 3023 415 3103 Titan
440 3025 577 3091 Titania
631 3025 732 3090 Unda
754 3025 923 3089 Lucanus:

498 3162 577 3226 “Et
599 3162 690 3249 longi
712 3161 855 3227 volvunt
877 3161 997 3226 Titana
1019 3156 1173 3225 labores.”

309 3289 355 3353 Et
392 3289 465 3356 ideo
511 3289 686 3376 pelicanus,
733 3289 879 3375 pelicani,
919 3287 1018 3355 debat
1067 3287 1229 3374 produci3
1280 3308 1359 3352 nam

310 3391 422 3456 Graece
454 3392 637 3457 declinatur
658 3391 798 3479 pelicea
828 3391 927 3477 hujus
961 3391 1112 3470 nominis,
1145 3412 1166 3458 a
1196 3411 1260 3475 quo
1293 3389 1358 3455 for-

309 3497 421 3558 matur
446 3493 621 3580 pelicanus,
649 3498 781 3561 mutato
813 3516 832 3560 o
862 3495 898 3558 in
920 3514 987 3574 ua;
1010 3499 1044 3560 et
1066 3492 1192 3579 obliqui
1214 3491 1251 3556 in
1282 3514 1360 3579 pen-

307 3594 428 3661 ultima
460 3595 771 3663 circumflectuntur.
833 3595 899 3663 Sed
928 3618 1098 3683 nunquam
1128 3595 1265 3680 syllaba,
1296 3593 1361 3658 nisi

307 3697 352 3762 sit
380 3698 578 3764 naturaliter
611 3698 718 3784 longa,
752 3699 1025 3765 circumflectitur.
1081 3697 1178 3776 Quod
1207 3697 1310 3781 igitur
1340 3717 1361 3759 a

303 3798 392 3885 palla
413 3806 448 3865 et
470 3822 556 3866 como
580 3800 634 3866 vel
660 3821 770 3867 cacas
785 3805 1008 3888 componatur,
1033 3805 1073 3864 ut
1095 3799 1141 3864 sic
1165 3819 1222 3885 per
1244 3796 1360 3862 falsam

307 3903 574 3988 compositionem
607 3903 764 3990 probetur
794 3904 883 3989 quod
916 3901 1099 3990 penultima
1128 3902 1172 3966 sit
1202 3905 1359 3985 correpta,

305 4026 396 4070 error
427 4011 478 4072 est
508 4028 576 4072 non
607 4007 713 4072 solum
745 4011 879 4092 propter
913 4005 1010 4080 dicta,
1045 4003 1101 4067 sed
1135 4003 1214 4088 quia
1248 4001 1360 4067 Graece

306 4107 461 4174 scribitur
483 4109 545 4174 hoc
567 4129 688 4174 nomen
704 4130 762 4194 per
784 4129 888 4173 unum
905 4106 926 4184 l,
942 4112 977 4172 et
993 4105 1143 4171 Graeoum
1158 4126 1278 4170 nomen
1292 4126 1360 4170 non

307 4211 515 4296 componitur
537 4234 558 4276 a
581 4211 712 4290 Latino,
733 4210 812 4297 quia
843 4210 958 4295 lingua
980 4207 1070 4294 prior
1100 4229 1168 4273 non
1199 4206 1361 4293 dependet
1456 4211 1458 4214 ⁴

303 4333 325 4376 a
346 4314 526 4398 posteriori.

349 4413 495 4480 Nomina
528 4414 637 4480 tertiae
662 4413 892 4479 declinationis
920 4412 1154 4500 producuntur,
1179 4415 1219 4479 ut
1240 4409 1359 4479 Jorda-

304 4538 375 4594 nua,
400 4516 569 4583 Niehanor
592 4518 628 4581 in
651 4516 858 4584 Machabaeis.

348 4640 372 4684 a
395 4625 474 4686 anta
498 4642 519 4685 r
539 4621 576 4686 in
601 4619 785 4706 primitivis
800 4619 979 4696 breviatur,
1003 4623 1043 4685 ut
1072 4617 1191 4696 Sisara,
1217 4615 1357 4695 dareris,

302 4720 452 4803 Achaea
469 4722 636 4802 Eucherio,
653 4728 689 4789 et
703 4721 904 4812 hujusmodis
922 4720 1109 4792 derivativa
1123 4720 1359 4808 producuntur,

367 4877 368 4880 ,
1153 4840 1177 4889 a
1203 4825 1223 4887 2
