3586 5640
307 804 347 898 n]
705 822 795 876 onos
816 822 977 876 reactus.
1334 812 1356 884 7

351 1000 462 1065 Primo
491 999 535 1087 igi
541 1003 595 1066 tur
624 1001 660 1066 in
697 1024 793 1088 opere
816 999 987 1079 Secundo,'
1015 1002 1192 1068 secundum
1217 1001 1356 1069 formam
1370 1010 1419 1062 His
1431 1027 1476 1062 ex-

305 1100 474 1191 epistolae
504 1104 609 1170 neor
639 1104 739 1169 rats
769 1111 844 1191 post
870 1104 1007 1170 exuram
1042 1105 1194 1187 revoat,
1225 1080 1514 1210 suntsi-{mg

305 1207 393 1273 antis
426 1227 461 1272 se
496 1212 531 1272 et
556 1207 829 1295 congratulantis
861 1208 991 1274 senatui
1025 1207 1183 1289 Romano,
1216 1209 1360 1275 recolens
1371 1211 1499 1291 berngis-

305 1332 359 1375 me
381 1308 452 1395 jam
474 1332 496 1374 a
513 1311 624 1375 decem
648 1310 744 1375 annia
766 1310 965 1391 exulantem,
990 1315 1152 1396 quantum
1175 1312 1218 1376 ad
1238 1281 1505 1412 samamffbufffidossy

227 1431 228 1434 ’
305 1413 418 1493 studii,
434 1434 533 1498 quam
556 1413 729 1479 retroactis
754 1413 960 1499 temporibus
990 1412 1128 1493 obtinui,
1153 1435 1259 1478 meam
1286 1435 1359 1500 par-
1372 1413 1525 1465 &eroum

305 1515 446 1581 vitatem
475 1534 714 1603 recognoscens,
744 1521 779 1581 et
816 1515 1038 1602 ignorantiam
1068 1515 1292 1602 multiplicem,
1322 1487 1526 1597 acssiffi'ff‘

306 1640 343 1684 os
372 1617 511 1705 elingue,
543 1623 578 1684 et
610 1620 771 1684 calamum
801 1619 1005 1697 stridentem,
1035 1623 1244 1704 vestramque
1274 1613 1489 1705 εειρί-θῡνθῐῑει

306 1722 430 1787 entiam
456 1720 633 1800 admirans,
656 1720 745 1808 quod
765 1743 786 1785 a
808 1712 949 1806 mejam
974 1721 1127 1786 omnibus
1151 1720 1309 1798 inaudito,
1326 1723 1360 1786 et

264 1843 266 1845 ·
307 1823 400 1888 velut
432 1822 503 1908 jam
540 1823 669 1910 sepulto
714 1829 749 1887 et
786 1821 953 1888 oblivione
998 1823 1115 1900 deleto,
1150 1821 1359 1909 sapientiales

306 1925 484 2012 scripturas
513 1932 625 2012 petere
656 1924 832 2012 dignetur,
862 1924 1004 1990 aeeundo
1034 1945 1204 2012 assurgens
1240 1929 1360 1990 vestrm

307 2027 499 2107 elementiae,
542 2027 714 2093 exordium
759 2027 918 2092 cannonis
953 2025 1093 2114 capiens,
1128 2032 1203 2112 post
1237 2028 1360 2114 pedum

307 2131 417 2196 oscula
440 2131 620 2210 beatorum,
652 2129 776 2216 stylum
798 2129 898 2195 altius
927 2129 1096 2210 elevando,
1126 2136 1261 2216 propter
1290 2151 1361 2195 ves·

306 2238 393 2299 tram
430 2231 667 2312 celsitudinem,
703 2229 788 2296 sub³
824 2229 876 2296 his
910 2230 1019 2296 verbis
1049 2231 1157 2318 incepi
1191 2253 1359 2319 perorare:

310 2336 395 2402 Cum
433 2338 537 2400 tantm
569 2334 764 2399 reverentiae
800 2332 945 2420 digniter
975 2333 1147 2421 sapientise
1183 2335 1361 2401 scaturiens
1374 2342 1506 2396 Hastam

307 2436 537 2524 plenitudine,⁴
568 2435 729 2501 indicibili
758 2434 867 2500 nitore
896 2455 1038 2502 vernans
1069 2436 1273 2523 eloquentiae,
1308 2410 1487 2530 meffffil

308 2539 484 2626 indignum
510 2543 550 2604 ut
575 2537 836 2603 transmitterem
867 2537 1076 2625 sapientiales
1106 2539 1283 2627 scripturas
1305 2546 1509 2606 ex-neveevi·

309 2641 472 2717 citaverit,
496 2640 524 2705 si
550 2640 767 2706 admiratione
789 2639 946 2717 dalidam,
971 2640 1000 2705 si
1022 2641 1132 2706 minus
1156 2640 1362 2729 congratuler
1373 2626 1407 2678 ⁸⁰
1407 2627 1445 2664 ω’

309 2747 416 2810 tautae
445 2740 655 2830 dignationi,l
677 2742 706 2807 si
733 2741 874 2829 elinguis
903 2742 1032 2823 efficiar,
1059 2742 1089 2806 ai
1112 2744 1254 2809 calamus
1284 2745 1361 2811 acri·

309 2845 421 2911 bentis
450 2841 591 2921 vacillet,
622 2844 770 2930 supplico
799 2865 841 2908 ne
874 2843 979 2908 solum
1012 2866 1094 2909 meas
1132 2844 1361 2926 imbecillitati,

267 2973 270 2978 ·
310 2947 368 3014 sed
397 2952 517 3013 vestrm
553 2944 775 3010 lnclinationis
812 2945 940 3030 ingenti
980 2944 1137 3011 miraculo
1173 2947 1362 3013 ascrlbatur.

311 3049 488 3115 Attonitus
530 3047 618 3113 euim
657 3052 693 3113 et
734 3065 906 3134 oppressus
946 3046 1053 3134 gloria
1089 3047 1268 3129 scribentis,
1303 3071 1363 3115 nso

311 3152 426 3218 valens
474 3151 555 3217 satis
602 3149 758 3216 admirarl
802 3148 1041 3215 sublimitatem
1088 3151 1252 3238 praecepti,
1296 3173 1365 3217 non

312 3255 418 3321 habeo
447 3254 528 3341 quid
558 3254 696 3341 dignum
728 3252 940 3338 respondeam
971 3252 1007 3317 in
1036 3253 1097 3319 hac
1126 3259 1228 3341 parte.
1276 3254 1365 3321 Nam

312 3379 387 3447 quaa
410 3358 519 3443 potest
541 3378 609 3422 esse
632 3361 728 3421 tanta
749 3351 893 3442 ingenii⁰
911 3354 1114 3435 foeounditos,
1139 3352 1229 3444 quis⁷
1251 3363 1365 3424 tantus

311 3458 449 3526 rationis
473 3459 576 3546 vigor,
609 3458 776 3524 memoriae
806 3464 876 3523 tam
907 3458 1069 3524 indefessa
1100 3460 1271 3546 capacitas,
1305 3459 1366 3526 et⁸

312 3562 371 3627 ubi
393 3567 490 3627 tanta
512 3560 693 3648 reperitur⁹
710 3560 886 3647 eloquendi
908 3565 1061 3646 potestas,
1084 3566 1154 3626 tam
1177 3562 1366 3627 inauditum

313 3686 418 3751 genus
460 3664 624 3741 sermonis,
668 3668 784 3728 tantus
832 3659 995 3728 facundiae
1042 3663 1204 3749 splendor,
1246 3664 1367 3749 quibua

313 3764 468 3833 vestrae¹⁰
498 3764 702 3832 celsitudinis
729 3763 916 3828 humiliatio
945 3764 1233 3851 inpraesentiarum
1257 3766 1368 3831 valeat

312 3869 489 3936 annotarit
548 3868 658 3956 Caput
687 3866 776 3932 enim
806 3865 949 3932 ecclesia
975 3865 1122 3952 plantam
1144 3866 1237 3953 pedis
1258 3867 1367 3955 indig-

313 3993 392 4038 nam
427 3970 625 4057 requisivit3
663 3968 806 4035 vicarius
841 3967 1025 4034 salvatoris
1064 3973 1099 4034 et
1138 3968 1228 4034 orbis
1265 3968 1369 4037 totius

314 4075 503 4143 dominator
527 4096 591 4154 me,
614 4073 675 4138 vix
701 4071 942 4137 numerandum
968 4070 1057 4137 inter
1078 4076 1188 4159 partes
1213 4072 1368 4162 universi,

348 4353 355 4384 ¹
367 4368 438 4420 opere
456 4349 580 4417 Seemdo]
606 4351 715 4402 mundo
734 4364 816 4415 opere,
899 4349 910 4379 ⁰
923 4356 993 4400 tosta
1005 4348 1108 4416 ingenia]
1127 4349 1224 4417 ingenii
1234 4359 1310 4412 tauta,
1322 4352 1351 4404 Ia

314 4432 346 4486 T.
801 4431 803 4435 ’
899 4428 987 4495 'quid
1005 4429 1108 4496 etquis,
1126 4430 1157 4482 L.

347 4513 358 4543 ²
368 4510 486 4578 φὺωὶω]
499 4509 541 4562 Sic
547 4509 578 4562 T.
587 4528 594 4572 ς
602 4508 815 4562 omittantcaeteri.
900 4510 910 4539 ⁸
922 4508 959 4574 et]
980 4516 1015 4571 ut,
1027 4508 1057 4559 B.
1069 4508 1101 4560 T.

348 4589 427 4656 ἠὺ]
446 4605 495 4641 om.
513 4590 542 4641 L.
898 4589 990 4639 'tosto
1006 4587 1139 4654 reperitur]
1153 4590 1276 4655 reperitur
1292 4595 1368 4653 unte,

347 4668 527 4737 ⁴pleaitudine]
546 4667 749 4735 praelaturae.
866 4667 898 4720 Τε

347 4748 515 4818 ‘drocotimq
534 4747 696 4815 (ligusticum,
714 4747 746 4799 Τ.
900 4748 920 4779 ¹⁴
931 4745 1030 4813 aava]
1049 4753 1108 4810 tuat,
1124 4745 1155 4800 L.
