<?xml version="1.0" encoding="UTF-8"?>
<!DOCTYPE html PUBLIC "-//W3C//DTD XHTML 1.0 Transitional//EN"
    "http://www.w3.org/TR/xhtml1/DTD/xhtml1-transitional.dtd">
<html xmlns="http://www.w3.org/1999/xhtml" xml:lang="en" lang="en">
 <head>
  <title>
</title>
<meta http-equiv="Content-Type" content="text/html;charset=utf-8" />
  <meta name='ocr-system' content='tesseract 3.04.00' />
  <meta name='ocr-capabilities' content='ocr_page ocr_carea ocr_par ocr_line ocrx_word'/>
</head>
<body>
  <div class='ocr_page' id='page_1' title='image "./operaqudamhacte00bacogoog/operaqudamhacte00bacogoog_0334.png"; bbox 0 0 3586 5640; ppageno 0'>
   <div class='ocr_carea' id='block_1_1' title="bbox 451 801 1503 908">
    <p class='ocr_par' dir='ltr' id='par_1_1' title="bbox 451 801 1503 908">
     <span class='ocr_line' id='line_1_1' title="bbox 451 801 1503 908; baseline 0.003 -42"><span class='ocrx_word' id='word_1_1' title='bbox 451 801 516 866; x_wconf 76' lang='lat'><strong>218</strong></span> <span class='ocrx_word' id='word_1_2' title='bbox 826 818 956 868; x_wconf 80' lang='lat' dir='ltr'><strong>accam</strong></span> <span class='ocrx_word' id='word_1_3' title='bbox 979 817 1125 869; x_wconf 82' lang='lat' dir='ltr'><strong>mcorns</strong></span> <span class='ocrx_word' id='word_1_4' title='bbox 1415 801 1503 908; x_wconf 75' lang='lat' dir='ltr'><strong>[car.</strong></span> 
     </span>
    </p>
   </div>
   <div class='ocr_carea' id='block_1_2' title="bbox 438 991 1504 2623">
    <p class='ocr_par' dir='ltr' id='par_1_2' title="bbox 438 991 1504 2623">
     <span class='ocr_line' id='line_1_2' title="bbox 448 991 1503 1081; baseline 0.003 -25"><span class='ocrx_word' id='word_1_5' title='bbox 448 997 483 1057; x_wconf 84' lang='lat' dir='ltr'><strong>et</strong></span> <span class='ocrx_word' id='word_1_6' title='bbox 506 991 689 1071; x_wconf 88' lang='lat' dir='ltr'><strong>dimidium,</strong></span> <span class='ocrx_word' id='word_1_7' title='bbox 713 993 859 1081; x_wconf 85' lang='lat' dir='ltr'><strong>exceptis</strong></span> <span class='ocrx_word' id='word_1_8' title='bbox 880 993 1096 1060; x_wconf 82' lang='lat' dir='ltr'><strong>fractionihus</strong></span> <span class='ocrx_word' id='word_1_9' title='bbox 1117 994 1280 1072; x_wconf 88' lang='lat' dir='ltr'><strong>horarum,</strong></span> <span class='ocrx_word' id='word_1_10' title='bbox 1304 1016 1378 1080; x_wconf 83' lang='lat' dir='ltr'><strong>qure</strong></span> <span class='ocrx_word' id='word_1_11' title='bbox 1399 996 1503 1080; x_wconf 87' lang='lat' dir='ltr'><strong>negli-</strong></span> 
     </span>
     <span class='ocr_line' id='line_1_3' title="bbox 448 1095 1504 1181; baseline 0.005 -23"><span class='ocrx_word' id='word_1_12' title='bbox 448 1099 574 1181; x_wconf 80' lang='lat' dir='ltr'><strong>grmtur</strong></span> <span class='ocrx_word' id='word_1_13' title='bbox 611 1095 648 1160; x_wconf 91' lang='lat' dir='ltr'><strong>in</strong></span> <span class='ocrx_word' id='word_1_14' title='bbox 685 1096 797 1162; x_wconf 85' lang='lat' dir='ltr'><strong>ordine</strong></span> <span class='ocrx_word' id='word_1_15' title='bbox 835 1096 1007 1162; x_wconf 88' lang='lat' dir='ltr'><strong>mensium.</strong></span> <span class='ocrx_word' id='word_1_16' title='bbox 1064 1097 1110 1162; x_wconf 88' lang='lat' dir='ltr'><strong>Et</strong></span> <span class='ocrx_word' id='word_1_17' title='bbox 1146 1096 1202 1162; x_wconf 84' lang='lat' dir='ltr'><strong>ille</strong></span> <span class='ocrx_word' id='word_1_18' title='bbox 1240 1096 1397 1162; x_wconf 89' lang='lat' dir='ltr'><strong>dimidius</strong></span> <span class='ocrx_word' id='word_1_19' title='bbox 1434 1097 1504 1163; x_wconf 86' lang='lat' dir='ltr'><strong>dies</strong></span> 
     </span>
     <span class='ocr_line' id='line_1_4' title="bbox 449 1199 1503 1285; baseline 0.003 -23"><span class='ocrx_word' id='word_1_20' title='bbox 449 1199 566 1285; x_wconf 87' lang='lat' dir='ltr'><strong>incipit</strong></span> <span class='ocrx_word' id='word_1_21' title='bbox 603 1199 638 1262; x_wconf 91' lang='lat' dir='ltr'><strong>in</strong></span> <span class='ocrx_word' id='word_1_22' title='bbox 673 1221 787 1265; x_wconf 82' lang='lat' dir='ltr'><strong>occasu</strong></span> <span class='ocrx_word' id='word_1_23' title='bbox 819 1200 905 1278; x_wconf 85' lang='lat' dir='ltr'><strong>solis,</strong></span> <span class='ocrx_word' id='word_1_24' title='bbox 929 1205 963 1266; x_wconf 90' lang='lat' dir='ltr'><strong>et</strong></span> <span class='ocrx_word' id='word_1_25' title='bbox 995 1200 1193 1264; x_wconf 86' lang='lat' dir='ltr'><strong>terminatur</strong></span> <span class='ocrx_word' id='word_1_26' title='bbox 1224 1199 1260 1264; x_wconf 92' lang='lat' dir='ltr'><strong>in</strong></span> <span class='ocrx_word' id='word_1_27' title='bbox 1291 1199 1357 1264; x_wconf 92' lang='lat' dir='ltr'><strong>fine</strong></span> <span class='ocrx_word' id='word_1_28' title='bbox 1388 1200 1503 1276; x_wconf 84' lang='lat' dir='ltr'><strong>noctis,</strong></span> 
     </span>
     <span class='ocr_line' id='line_1_5' title="bbox 449 1301 1503 1368; baseline 0.003 -4"><span class='ocrx_word' id='word_1_29' title='bbox 449 1301 571 1366; x_wconf 89' lang='lat' dir='ltr'><strong>scilicet</strong></span> <span class='ocrx_word' id='word_1_30' title='bbox 593 1302 628 1365; x_wconf 92' lang='lat' dir='ltr'><strong>in</strong></span> <span class='ocrx_word' id='word_1_31' title='bbox 660 1324 756 1368; x_wconf 89' lang='lat' dir='ltr'><strong>mane</strong></span> <span class='ocrx_word' id='word_1_32' title='bbox 779 1303 951 1368; x_wconf 82' lang='lat' dir='ltr'><strong>tricesimae</strong></span> <span class='ocrx_word' id='word_1_33' title='bbox 974 1302 1047 1368; x_wconf 82' lang='lat' dir='ltr'><strong>diei</strong></span> <span class='ocrx_word' id='word_1_34' title='bbox 1104 1302 1205 1367; x_wconf 82' lang='lat' dir='ltr'><strong>Unde</strong></span> <span class='ocrx_word' id='word_1_35' title='bbox 1227 1301 1284 1367; x_wconf 90' lang='lat' dir='ltr'><strong>ille</strong></span> <span class='ocrx_word' id='word_1_36' title='bbox 1307 1301 1377 1368; x_wconf 83' lang='lat' dir='ltr'><strong>dies</strong></span> <span class='ocrx_word' id='word_1_37' title='bbox 1399 1303 1503 1368; x_wconf 86' lang='lat' dir='ltr'><strong>artifi-</strong></span> 
     </span>
     <span class='ocr_line' id='line_1_6' title="bbox 448 1403 1503 1493; baseline 0.002 -24"><span class='ocrx_word' id='word_1_38' title='bbox 448 1403 547 1483; x_wconf 88' lang='lat' dir='ltr'><strong>cialis,</strong></span> <span class='ocrx_word' id='word_1_39' title='bbox 571 1404 694 1470; x_wconf 86' lang='lat' dir='ltr'><strong>scilicet</strong></span> <span class='ocrx_word' id='word_1_40' title='bbox 726 1427 747 1469; x_wconf 94' lang='lat' dir='ltr'><strong>a</strong></span> <span class='ocrx_word' id='word_1_41' title='bbox 777 1427 874 1470; x_wconf 89' lang='lat' dir='ltr'><strong>mane</strong></span> <span class='ocrx_word' id='word_1_42' title='bbox 903 1405 1077 1471; x_wconf 73' lang='lat' dir='ltr'><strong>tricesimus</strong></span> <span class='ocrx_word' id='word_1_43' title='bbox 1100 1405 1166 1470; x_wconf 90' lang='lat' dir='ltr'><strong>diei</strong></span> <span class='ocrx_word' id='word_1_44' title='bbox 1195 1426 1298 1490; x_wconf 88' lang='lat' dir='ltr'><strong>usque</strong></span> <span class='ocrx_word' id='word_1_45' title='bbox 1321 1405 1364 1470; x_wconf 84' lang='lat' dir='ltr'><strong>ad</strong></span> <span class='ocrx_word' id='word_1_46' title='bbox 1390 1426 1503 1493; x_wconf 87' lang='lat' dir='ltr'><strong>vespe-</strong></span> 
     </span>
     <span class='ocr_line' id='line_1_7' title="bbox 449 1506 1503 1596; baseline 0.003 -26"><span class='ocrx_word' id='word_1_47' title='bbox 449 1528 528 1585; x_wconf 87' lang='lat' dir='ltr'><strong>ram,</strong></span> <span class='ocrx_word' id='word_1_48' title='bbox 556 1506 632 1572; x_wconf 89' lang='lat' dir='ltr'><strong>licet</strong></span> <span class='ocrx_word' id='word_1_49' title='bbox 659 1507 705 1572; x_wconf 86' lang='lat' dir='ltr'><strong>sit</strong></span> <span class='ocrx_word' id='word_1_50' title='bbox 731 1530 806 1594; x_wconf 87' lang='lat' dir='ltr'><strong>pars</strong></span> <span class='ocrx_word' id='word_1_51' title='bbox 834 1508 954 1573; x_wconf 78' lang='lat' dir='ltr'>mensis</span> <span class='ocrx_word' id='word_1_52' title='bbox 981 1507 1086 1594; x_wconf 84' lang='lat' dir='ltr'><strong>primi,</strong></span> <span class='ocrx_word' id='word_1_53' title='bbox 1115 1529 1184 1572; x_wconf 91' lang='lat' dir='ltr'><strong>non</strong></span> <span class='ocrx_word' id='word_1_54' title='bbox 1212 1513 1325 1573; x_wconf 90' lang='lat' dir='ltr'><strong>tamen</strong></span> <span class='ocrx_word' id='word_1_55' title='bbox 1351 1511 1503 1596; x_wconf 77' lang='lat' dir='ltr'><strong>estpars</strong></span> 
     </span>
     <span class='ocr_line' id='line_1_8' title="bbox 448 1608 1504 1698; baseline 0.005 -26"><span class='ocrx_word' id='word_1_56' title='bbox 448 1608 628 1674; x_wconf 87' lang='lat' dir='ltr'><strong>lunationis</strong></span> <span class='ocrx_word' id='word_1_57' title='bbox 655 1609 778 1696; x_wconf 71' lang='lat' dir='ltr'><strong>primae,</strong></span> <span class='ocrx_word' id='word_1_58' title='bbox 806 1609 863 1675; x_wconf 88' lang='lat' dir='ltr'><strong>sed</strong></span> <span class='ocrx_word' id='word_1_59' title='bbox 886 1615 937 1676; x_wconf 84' lang='lat' dir='ltr'><strong>eet</strong></span> <span class='ocrx_word' id='word_1_60' title='bbox 959 1633 1033 1698; x_wconf 85' lang='lat' dir='ltr'><strong>pars</strong></span> <span class='ocrx_word' id='word_1_61' title='bbox 1055 1610 1234 1675; x_wconf 84' lang='lat' dir='ltr'><strong>lunationis</strong></span> <span class='ocrx_word' id='word_1_62' title='bbox 1256 1611 1413 1677; x_wconf 79' lang='lat' dir='ltr'><strong>secrmdae.</strong></span> <span class='ocrx_word' id='word_1_63' title='bbox 1460 1610 1504 1677; x_wconf 91' lang='lat' dir='ltr'><strong>In</strong></span> 
     </span>
     <span class='ocr_line' id='line_1_9' title="bbox 448 1711 1502 1796; baseline 0.004 -20"><span class='ocrx_word' id='word_1_64' title='bbox 448 1711 506 1776; x_wconf 94' lang='lat' dir='ltr'><strong>illo</strong></span> <span class='ocrx_word' id='word_1_65' title='bbox 540 1713 627 1777; x_wconf 91' lang='lat' dir='ltr'><strong>enim</strong></span> <span class='ocrx_word' id='word_1_66' title='bbox 655 1716 707 1779; x_wconf 89' lang='lat' dir='ltr'><strong>est</strong></span> <span class='ocrx_word' id='word_1_67' title='bbox 749 1713 965 1795; x_wconf 86' lang='lat' dir='ltr'>novilunium,</span> <span class='ocrx_word' id='word_1_68' title='bbox 1001 1717 1038 1779; x_wconf 88' lang='lat' dir='ltr'><strong>et</strong></span> <span class='ocrx_word' id='word_1_69' title='bbox 1071 1713 1250 1791; x_wconf 76' lang='lat' dir='ltr'><strong>neomenia,</strong></span> <span class='ocrx_word' id='word_1_70' title='bbox 1283 1719 1318 1780; x_wconf 89' lang='lat' dir='ltr'><strong>et</strong></span> <span class='ocrx_word' id='word_1_71' title='bbox 1348 1713 1502 1796; x_wconf 87' lang='lat' dir='ltr'><strong>kalenda,</strong></span> 
     </span>
     <span class='ocr_line' id='line_1_10' title="bbox 449 1815 1504 1903; baseline 0.003 -23"><span class='ocrx_word' id='word_1_72' title='bbox 449 1836 552 1900; x_wconf 88' lang='lat' dir='ltr'><strong>usque</strong></span> <span class='ocrx_word' id='word_1_73' title='bbox 579 1815 623 1880; x_wconf 84' lang='lat' dir='ltr'><strong>ad</strong></span> <span class='ocrx_word' id='word_1_74' title='bbox 644 1838 820 1903; x_wconf 82' lang='lat' dir='ltr'><strong>vesperam</strong></span> <span class='ocrx_word' id='word_1_75' title='bbox 886 1816 932 1882; x_wconf 88' lang='lat' dir='ltr'><strong>Et</strong></span> <span class='ocrx_word' id='word_1_76' title='bbox 965 1817 1043 1903; x_wconf 90' lang='lat' dir='ltr'><strong>quia</strong></span> <span class='ocrx_word' id='word_1_77' title='bbox 1076 1817 1112 1881; x_wconf 93' lang='lat' dir='ltr'><strong>in</strong></span> <span class='ocrx_word' id='word_1_78' title='bbox 1139 1816 1310 1882; x_wconf 88' lang='lat' dir='ltr'><strong>novilunio</strong></span> <span class='ocrx_word' id='word_1_79' title='bbox 1337 1815 1504 1884; x_wconf 77' lang='lat' dir='ltr'><strong>faciebant</strong></span> 
     </span>
     <span class='ocr_line' id='line_1_11' title="bbox 450 1917 1504 2007; baseline 0.003 -24"><span class='ocrx_word' id='word_1_80' title='bbox 450 1917 571 1983; x_wconf 84' lang='lat' dir='ltr'><strong>festum</strong></span> <span class='ocrx_word' id='word_1_81' title='bbox 599 1919 779 2006; x_wconf 87' lang='lat' dir='ltr'><strong>epularum,</strong></span> <span class='ocrx_word' id='word_1_82' title='bbox 807 1920 881 1985; x_wconf 88' lang='lat' dir='ltr'><strong>ideo</strong></span> <span class='ocrx_word' id='word_1_83' title='bbox 909 1919 966 1985; x_wconf 85' lang='lat' dir='ltr'><strong>illa</strong></span> <span class='ocrx_word' id='word_1_84' title='bbox 993 1920 1046 1985; x_wconf 88' lang='lat' dir='ltr'><strong>die</strong></span> <span class='ocrx_word' id='word_1_85' title='bbox 1073 1919 1208 1986; x_wconf 80' lang='lat' dir='ltr'><strong>fucumt</strong></span> <span class='ocrx_word' id='word_1_86' title='bbox 1234 1920 1269 1984; x_wconf 91' lang='lat' dir='ltr'><strong>in</strong></span> <span class='ocrx_word' id='word_1_87' title='bbox 1300 1920 1410 2007; x_wconf 80' lang='lat' dir='ltr'><strong>epulis</strong></span> <span class='ocrx_word' id='word_1_88' title='bbox 1457 1921 1504 1986; x_wconf 85' lang='lat' dir='ltr'><strong>Et</strong></span> 
     </span>
     <span class='ocr_line' id='line_1_12' title="bbox 450 2023 1504 2110; baseline 0.004 -24"><span class='ocrx_word' id='word_1_89' title='bbox 450 2023 605 2107; x_wconf 92' lang='lat' dir='ltr'><strong>quoniam</strong></span> <span class='ocrx_word' id='word_1_90' title='bbox 632 2024 793 2089; x_wconf 83' lang='lat' dir='ltr'><strong>secundus</strong></span> <span class='ocrx_word' id='word_1_91' title='bbox 819 2024 940 2089; x_wconf 83' lang='lat' dir='ltr'><strong>mensis</strong></span> <span class='ocrx_word' id='word_1_92' title='bbox 967 2023 1085 2110; x_wconf 75' lang='lat' dir='ltr'><strong>incipit</strong></span> <span class='ocrx_word' id='word_1_93' title='bbox 1114 2023 1150 2088; x_wconf 93' lang='lat' dir='ltr'><strong>in</strong></span> <span class='ocrx_word' id='word_1_94' title='bbox 1171 2045 1286 2089; x_wconf 81' lang='lat' dir='ltr'><strong>occasu</strong></span> <span class='ocrx_word' id='word_1_95' title='bbox 1308 2024 1384 2089; x_wconf 86' lang='lat' dir='ltr'><strong>solis</strong></span> <span class='ocrx_word' id='word_1_96' title='bbox 1414 2024 1504 2090; x_wconf 87' lang='lat' dir='ltr'><strong>illius</strong></span> 
     </span>
     <span class='ocr_line' id='line_1_13' title="bbox 449 2126 1503 2214; baseline 0.004 -24"><span class='ocrx_word' id='word_1_97' title='bbox 449 2126 623 2192; x_wconf 69' lang='lat' dir='ltr'><strong>tricesima</strong></span> <span class='ocrx_word' id='word_1_98' title='bbox 661 2126 735 2205; x_wconf 90' lang='lat' dir='ltr'><strong>diei,</strong></span> <span class='ocrx_word' id='word_1_99' title='bbox 771 2127 845 2192; x_wconf 90' lang='lat' dir='ltr'><strong>ideo</strong></span> <span class='ocrx_word' id='word_1_100' title='bbox 875 2127 995 2192; x_wconf 88' lang='lat' dir='ltr'><strong>iterum</strong></span> <span class='ocrx_word' id='word_1_101' title='bbox 1026 2127 1153 2191; x_wconf 80' lang='lat' dir='ltr'><strong>iaciunt</strong></span> <span class='ocrx_word' id='word_1_102' title='bbox 1183 2126 1219 2191; x_wconf 91' lang='lat' dir='ltr'><strong>in</strong></span> <span class='ocrx_word' id='word_1_103' title='bbox 1248 2127 1307 2192; x_wconf 90' lang='lat' dir='ltr'><strong>illa</strong></span> <span class='ocrx_word' id='word_1_104' title='bbox 1336 2126 1397 2205; x_wconf 88' lang='lat' dir='ltr'><strong>die,</strong></span> <span class='ocrx_word' id='word_1_105' title='bbox 1428 2149 1503 2214; x_wconf 78' lang='lat' dir='ltr'><strong>quae</strong></span> 
     </span>
     <span class='ocr_line' id='line_1_14' title="bbox 450 2227 1504 2315; baseline 0.004 -23"><span class='ocrx_word' id='word_1_106' title='bbox 450 2228 566 2314; x_wconf 77' lang='lat' dir='ltr'><strong>incipit</strong></span> <span class='ocrx_word' id='word_1_107' title='bbox 588 2230 624 2293; x_wconf 91' lang='lat' dir='ltr'><strong>in</strong></span> <span class='ocrx_word' id='word_1_108' title='bbox 646 2250 760 2294; x_wconf 84' lang='lat' dir='ltr'><strong>occasu</strong></span> <span class='ocrx_word' id='word_1_109' title='bbox 783 2229 849 2306; x_wconf 91' lang='lat' dir='ltr'><strong>illo,</strong></span> <span class='ocrx_word' id='word_1_110' title='bbox 873 2251 975 2315; x_wconf 86' lang='lat' dir='ltr'><strong>usque</strong></span> <span class='ocrx_word' id='word_1_111' title='bbox 998 2229 1042 2295; x_wconf 87' lang='lat' dir='ltr'><strong>ad</strong></span> <span class='ocrx_word' id='word_1_112' title='bbox 1070 2229 1172 2294; x_wconf 90' lang='lat' dir='ltr'><strong>alium</strong></span> <span class='ocrx_word' id='word_1_113' title='bbox 1200 2227 1356 2310; x_wconf 85' lang='lat' dir='ltr'><strong>occasum,</strong></span> <span class='ocrx_word' id='word_1_114' title='bbox 1380 2230 1504 2298; x_wconf 86' lang='lat' dir='ltr'><strong>scilicet</strong></span> 
     </span>
     <span class='ocr_line' id='line_1_15' title="bbox 449 2331 1503 2420; baseline 0.004 -26"><span class='ocrx_word' id='word_1_115' title='bbox 449 2331 484 2394; x_wconf 91' lang='lat' dir='ltr'><strong>in</strong></span> <span class='ocrx_word' id='word_1_116' title='bbox 511 2335 584 2395; x_wconf 83' lang='lat' dir='ltr'><strong>tota</strong></span> <span class='ocrx_word' id='word_1_117' title='bbox 614 2331 668 2396; x_wconf 90' lang='lat' dir='ltr'><strong>die</strong></span> <span class='ocrx_word' id='word_1_118' title='bbox 698 2332 862 2396; x_wconf 84' lang='lat' dir='ltr'><strong>tricesima</strong></span> <span class='ocrx_word' id='word_1_119' title='bbox 884 2331 1023 2418; x_wconf 81' lang='lat' dir='ltr'><strong>prima¹</strong></span> <span class='ocrx_word' id='word_1_120' title='bbox 1072 2332 1119 2397; x_wconf 89' lang='lat' dir='ltr'><strong>Et</strong></span> <span class='ocrx_word' id='word_1_121' title='bbox 1140 2332 1215 2398; x_wconf 87' lang='lat' dir='ltr'><strong>ideo</strong></span> <span class='ocrx_word' id='word_1_122' title='bbox 1237 2333 1342 2419; x_wconf 88' lang='lat' dir='ltr'><strong>primo</strong></span> <span class='ocrx_word' id='word_1_123' title='bbox 1374 2331 1503 2420; x_wconf 84' lang='lat' dir='ltr'><strong>Regum</strong></span> 
     </span>
     <span class='ocr_line' id='line_1_16' title="bbox 450 2432 1503 2523; baseline 0.004 -26"><span class='ocrx_word' id='word_1_124' title='bbox 450 2432 603 2497; x_wconf 84' lang='lat' dir='ltr'><strong>vicesimo</strong></span> <span class='ocrx_word' id='word_1_125' title='bbox 630 2432 734 2520; x_wconf 76' lang='lat'><strong>[27.]:</strong></span> <span class='ocrx_word' id='word_1_126' title='bbox 761 2440 778 2469; x_wconf 90' lang='lat'>“</span> <span class='ocrx_word' id='word_1_127' title='bbox 800 2433 901 2499; x_wconf 81' lang='lat' dir='ltr'><strong>Sedes</strong></span> <span class='ocrx_word' id='word_1_128' title='bbox 916 2433 1028 2500; x_wconf 83' lang='lat' dir='ltr'><strong>David</strong></span> <span class='ocrx_word' id='word_1_129' title='bbox 1051 2435 1105 2500; x_wconf 94' lang='lat' dir='ltr'><strong>die</strong></span> <span class='ocrx_word' id='word_1_130' title='bbox 1128 2436 1271 2501; x_wconf 88' lang='lat' dir='ltr'><strong>secunda</strong></span> <span class='ocrx_word' id='word_1_131' title='bbox 1292 2441 1368 2523; x_wconf 82' lang='lat' dir='ltr'><strong>post</strong></span> <span class='ocrx_word' id='word_1_132' title='bbox 1390 2435 1503 2502; x_wconf 87' lang='lat' dir='ltr'><strong>kalen·</strong></span> 
     </span>
     <span class='ocr_line' id='line_1_17' title="bbox 438 2534 915 2623; baseline 0.004 -24"><span class='ocrx_word' id='word_1_133' title='bbox 438 2544 469 2571; x_wconf 91' lang='lat'><strong>·“</strong></span> <span class='ocrx_word' id='word_1_134' title='bbox 491 2534 550 2600; x_wconf 83' lang='lat' dir='ltr'><strong>due</strong></span> <span class='ocrx_word' id='word_1_135' title='bbox 572 2557 677 2601; x_wconf 82' lang='lat' dir='ltr'><strong>vacua</strong></span> <span class='ocrx_word' id='word_1_136' title='bbox 708 2534 915 2623; x_wconf 88' lang='lat' dir='ltr'><strong>apparebat.’&#39;</strong></span> 
     </span>
    </p>
   </div>
   <div class='ocr_carea' id='block_1_3' title="bbox 883 2833 1075 2903">
    <p class='ocr_par' dir='ltr' id='par_1_3' title="bbox 883 2833 1075 2903">
     <span class='ocr_line' id='line_1_18' title="bbox 883 2833 1075 2903; baseline -0.01 -1"><span class='ocrx_word' id='word_1_137' title='bbox 883 2834 964 2903; x_wconf 73' lang='lat' dir='ltr'><strong>Car.</strong></span> <span class='ocrx_word' id='word_1_138' title='bbox 987 2833 1075 2902; x_wconf 88' lang='lat' dir='ltr'><strong>LVI.</strong></span> 
     </span>
    </p>
   </div>
   <div class='ocr_carea' id='block_1_4' title="bbox 449 3004 1542 4529">
    <p class='ocr_par' dir='ltr' id='par_1_4' title="bbox 449 3004 1542 4529">
     <span class='ocr_line' id='line_1_19' title="bbox 495 3004 1542 3093; baseline -0.004 -20"><span class='ocrx_word' id='word_1_139' title='bbox 495 3005 566 3073; x_wconf 83' lang='lat' dir='ltr'><strong>Snn</strong></span> <span class='ocrx_word' id='word_1_140' title='bbox 604 3004 711 3093; x_wconf 86' lang='lat' dir='ltr'><strong>majus</strong></span> <span class='ocrx_word' id='word_1_141' title='bbox 748 3005 936 3093; x_wconf 86' lang='lat' dir='ltr'><strong>exemplum</strong></span> <span class='ocrx_word' id='word_1_142' title='bbox 975 3010 1009 3071; x_wconf 89' lang='lat' dir='ltr'><strong>et</strong></span> <span class='ocrx_word' id='word_1_143' title='bbox 1046 3004 1121 3091; x_wconf 88' lang='lat' dir='ltr'><strong>plus</strong></span> <span class='ocrx_word' id='word_1_144' title='bbox 1159 3007 1344 3072; x_wconf 87' lang='lat' dir='ltr'><strong>notandum</strong></span> <span class='ocrx_word' id='word_1_145' title='bbox 1382 3012 1433 3072; x_wconf 86' lang='lat' dir='ltr'><strong>eet</strong></span> <span class='ocrx_word' id='word_1_146' title='bbox 1460 3007 1502 3074; x_wconf 88' lang='lat' dir='ltr'><strong>de</strong></span> <span class='ocrx_word' id='word_1_147' title='bbox 1540 3065 1542 3069; x_wconf 81' lang='grc'>,</span> 
     </span>
     <span class='ocr_line' id='line_1_20' title="bbox 450 3107 1502 3194; baseline 0 -18"><span class='ocrx_word' id='word_1_148' title='bbox 450 3110 668 3177; x_wconf 76' lang='lat' dir='ltr'><strong>celebratione</strong></span> <span class='ocrx_word' id='word_1_149' title='bbox 706 3108 840 3175; x_wconf 79' lang='lat' dir='ltr'><strong>Paschae</strong></span> <span class='ocrx_word' id='word_1_150' title='bbox 873 3107 1053 3175; x_wconf 87' lang='lat' dir='ltr'><strong>secundnm</strong></span> <span class='ocrx_word' id='word_1_151' title='bbox 1086 3107 1192 3194; x_wconf 81' lang='lat' dir='ltr'><strong>legem</strong></span> <span class='ocrx_word' id='word_1_152' title='bbox 1204 3134 1213 3190; x_wconf 92' lang='lat'>;</span> <span class='ocrx_word' id='word_1_153' title='bbox 1250 3132 1328 3174; x_wconf 89' lang='lat' dir='ltr'><strong>nam</strong></span> <span class='ocrx_word' id='word_1_154' title='bbox 1359 3132 1434 3175; x_wconf 90' lang='lat' dir='ltr'><strong>cum</strong></span> <span class='ocrx_word' id='word_1_155' title='bbox 1466 3111 1502 3176; x_wconf 93' lang='lat' dir='ltr'><strong>in</strong></span> 
     </span>
     <span class='ocr_line' id='line_1_21' title="bbox 450 3209 1502 3300; baseline -0.001 -22"><span class='ocrx_word' id='word_1_156' title='bbox 450 3214 531 3279; x_wconf 77' lang='lat' dir='ltr'><strong>illo⁹</strong></span> <span class='ocrx_word' id='word_1_157' title='bbox 574 3213 640 3278; x_wconf 90' lang='lat' dir='ltr'><strong>fnit</strong></span> <span class='ocrx_word' id='word_1_158' title='bbox 672 3213 795 3278; x_wconf 84' lang='lat' dir='ltr'><strong>festum</strong></span> <span class='ocrx_word' id='word_1_159' title='bbox 840 3211 1061 3299; x_wconf 88' lang='lat' dir='ltr'><strong>primitiarum</strong></span> <span class='ocrx_word' id='word_1_160' title='bbox 1099 3209 1141 3274; x_wconf 85' lang='lat' dir='ltr'><strong>dc</strong></span> <span class='ocrx_word' id='word_1_161' title='bbox 1178 3211 1274 3300; x_wconf 89' lang='lat' dir='ltr'><strong>spicis</strong></span> <span class='ocrx_word' id='word_1_162' title='bbox 1310 3216 1346 3278; x_wconf 85' lang='lat' dir='ltr'><strong>et</strong></span> <span class='ocrx_word' id='word_1_163' title='bbox 1382 3213 1502 3298; x_wconf 84' lang='lat' dir='ltr'><strong>granis,</strong></span> 
     </span>
     <span class='ocr_line' id='line_1_22' title="bbox 451 3313 1504 3403; baseline -0.002 -21"><span class='ocrx_word' id='word_1_164' title='bbox 451 3320 616 3403; x_wconf 88' lang='lat' dir='ltr'><strong>oporteret</strong></span> <span class='ocrx_word' id='word_1_165' title='bbox 638 3316 726 3400; x_wconf 91' lang='lat' dir='ltr'><strong>quod</strong></span> <span class='ocrx_word' id='word_1_166' title='bbox 749 3315 838 3380; x_wconf 91' lang='lat' dir='ltr'><strong>omni</strong></span> <span class='ocrx_word' id='word_1_167' title='bbox 860 3337 947 3380; x_wconf 88' lang='lat' dir='ltr'><strong>anno</strong></span> <span class='ocrx_word' id='word_1_168' title='bbox 962 3313 998 3378; x_wconf 91' lang='lat' dir='ltr'><strong>in</strong></span> <span class='ocrx_word' id='word_1_169' title='bbox 1019 3313 1104 3379; x_wconf 85' lang='lat' dir='ltr'><strong>festo</strong></span> <span class='ocrx_word' id='word_1_170' title='bbox 1120 3313 1322 3401; x_wconf 84' lang='lat' dir='ltr'><strong>Azymorum</strong></span> <span class='ocrx_word' id='word_1_171' title='bbox 1345 3314 1504 3380; x_wconf 86' lang='lat' dir='ltr'><strong>haherent</strong></span> 
     </span>
     <span class='ocr_line' id='line_1_23' title="bbox 450 3415 1502 3506; baseline 0.002 -25"><span class='ocrx_word' id='word_1_172' title='bbox 450 3441 553 3506; x_wconf 84' lang='lat' dir='ltr'><strong>grana</strong></span> <span class='ocrx_word' id='word_1_173' title='bbox 584 3439 678 3482; x_wconf 84' lang='lat' dir='ltr'><strong>nova</strong></span> <span class='ocrx_word' id='word_1_174' title='bbox 724 3416 790 3483; x_wconf 86' lang='lat' dir='ltr'><strong>Sed</strong></span> <span class='ocrx_word' id='word_1_175' title='bbox 813 3440 888 3482; x_wconf 91' lang='lat' dir='ltr'><strong>cum</strong></span> <span class='ocrx_word' id='word_1_176' title='bbox 911 3415 1162 3482; x_wconf 84' lang='lat' dir='ltr'><strong>considerabant</strong></span> <span class='ocrx_word' id='word_1_177' title='bbox 1192 3439 1315 3482; x_wconf 90' lang='lat' dir='ltr'><strong>annum</strong></span> <span class='ocrx_word' id='word_1_178' title='bbox 1344 3416 1502 3496; x_wconf 87' lang='lat' dir='ltr'><strong>lunarem,</strong></span> 
     </span>
     <span class='ocr_line' id='line_1_24' title="bbox 451 3518 1504 3607; baseline -0.004 -18"><span class='ocrx_word' id='word_1_179' title='bbox 451 3528 486 3589; x_wconf 85' lang='lat' dir='ltr'><strong>et</strong></span> <span class='ocrx_word' id='word_1_180' title='bbox 520 3521 573 3586; x_wconf 87' lang='lat' dir='ltr'><strong>hic</strong></span> <span class='ocrx_word' id='word_1_181' title='bbox 612 3520 729 3584; x_wconf 89' lang='lat' dir='ltr'><strong>finitur</strong></span> <span class='ocrx_word' id='word_1_182' title='bbox 767 3543 825 3607; x_wconf 89' lang='lat' dir='ltr'><strong>per</strong></span> <span class='ocrx_word' id='word_1_183' title='bbox 862 3519 1015 3585; x_wconf 81' lang='lat' dir='ltr'><strong>undecim</strong></span> <span class='ocrx_word' id='word_1_184' title='bbox 1063 3518 1133 3584; x_wconf 85' lang='lat' dir='ltr'><strong>dies</strong></span> <span class='ocrx_word' id='word_1_185' title='bbox 1171 3525 1249 3584; x_wconf 90' lang='lat' dir='ltr'><strong>ante</strong></span> <span class='ocrx_word' id='word_1_186' title='bbox 1287 3520 1386 3585; x_wconf 88' lang='lat' dir='ltr'><strong>finem</strong></span> <span class='ocrx_word' id='word_1_187' title='bbox 1424 3521 1504 3585; x_wconf 92' lang='lat' dir='ltr'><strong>anni</strong></span> 
     </span>
     <span class='ocr_line' id='line_1_25' title="bbox 450 3621 1503 3710; baseline -0.002 -20"><span class='ocrx_word' id='word_1_188' title='bbox 450 3625 572 3701; x_wconf 86' lang='lat' dir='ltr'><strong>solaris,</strong></span> <span class='ocrx_word' id='word_1_189' title='bbox 601 3623 817 3709; x_wconf 83' lang='lat' dir='ltr'><strong>(considerato</strong></span> <span class='ocrx_word' id='word_1_190' title='bbox 850 3623 939 3710; x_wconf 94' lang='lat' dir='ltr'><strong>quod</strong></span> <span class='ocrx_word' id='word_1_191' title='bbox 971 3621 1068 3687; x_wconf 85' lang='lat' dir='ltr'><strong>simul</strong></span> <span class='ocrx_word' id='word_1_192' title='bbox 1099 3621 1282 3709; x_wconf 69' lang='lat' dir='ltr'><strong>incipiant)</strong></span> <span class='ocrx_word' id='word_1_193' title='bbox 1316 3623 1344 3686; x_wconf 90' lang='lat' dir='ltr'><strong>si</strong></span> <span class='ocrx_word' id='word_1_194' title='bbox 1376 3622 1503 3688; x_wconf 88' lang='lat' dir='ltr'><strong>lunatio</strong></span> 
     </span>
     <span class='ocr_line' id='line_1_26' title="bbox 451 3723 1504 3815; baseline -0.003 -22"><span class='ocrx_word' id='word_1_195' title='bbox 451 3726 582 3815; x_wconf 77' lang='lat' dir='ltr'><strong>Aprilis,</strong></span> <span class='ocrx_word' id='word_1_196' title='bbox 607 3748 680 3812; x_wconf 84' lang='lat' dir='ltr'><strong>quae</strong></span> <span class='ocrx_word' id='word_1_197' title='bbox 703 3730 753 3791; x_wconf 88' lang='lat' dir='ltr'><strong>est</strong></span> <span class='ocrx_word' id='word_1_198' title='bbox 775 3723 948 3804; x_wconf 75' lang='lat' dir='ltr'><strong>Paschalier,</strong></span> <span class='ocrx_word' id='word_1_199' title='bbox 981 3725 1142 3790; x_wconf 86' lang='lat' dir='ltr'><strong>accideret</strong></span> <span class='ocrx_word' id='word_1_200' title='bbox 1174 3725 1209 3788; x_wconf 91' lang='lat' dir='ltr'><strong>in</strong></span> <span class='ocrx_word' id='word_1_201' title='bbox 1231 3725 1336 3812; x_wconf 91' lang='lat' dir='ltr'><strong>primo</strong></span> <span class='ocrx_word' id='word_1_202' title='bbox 1358 3747 1445 3790; x_wconf 90' lang='lat' dir='ltr'><strong>anno</strong></span> <span class='ocrx_word' id='word_1_203' title='bbox 1468 3725 1504 3790; x_wconf 93' lang='lat' dir='ltr'><strong>in</strong></span> 
     </span>
     <span class='ocr_line' id='line_1_27' title="bbox 450 3826 1504 3916; baseline -0.006 -19"><span class='ocrx_word' id='word_1_204' title='bbox 450 3837 596 3916; x_wconf 84' lang='lat' dir='ltr'><strong>tempore</strong></span> <span class='ocrx_word' id='word_1_205' title='bbox 619 3829 780 3915; x_wconf 88' lang='lat' dir='ltr'><strong>spicarum</strong></span> <span class='ocrx_word' id='word_1_206' title='bbox 803 3831 973 3908; x_wconf 82' lang='lat' dir='ltr'><strong>novarum,</strong></span> <span class='ocrx_word' id='word_1_207' title='bbox 997 3832 1077 3892; x_wconf 90' lang='lat' dir='ltr'><strong>tunc</strong></span> <span class='ocrx_word' id='word_1_208' title='bbox 1099 3826 1185 3892; x_wconf 88' lang='lat' dir='ltr'><strong>infra</strong></span> <span class='ocrx_word' id='word_1_209' title='bbox 1215 3832 1282 3891; x_wconf 89' lang='lat' dir='ltr'><strong>tres</strong></span> <span class='ocrx_word' id='word_1_210' title='bbox 1305 3849 1407 3893; x_wconf 87' lang='lat' dir='ltr'><strong>annos</strong></span> <span class='ocrx_word' id='word_1_211' title='bbox 1440 3827 1504 3892; x_wconf 88' lang='lat' dir='ltr'><strong>erit</strong></span> 
     </span>
     <span class='ocr_line' id='line_1_28' title="bbox 450 3930 1503 4019; baseline -0.005 -19"><span class='ocrx_word' id='word_1_212' title='bbox 450 3938 538 4000; x_wconf 86' lang='lat' dir='ltr'><strong>retro</strong></span> <span class='ocrx_word' id='word_1_213' title='bbox 562 3953 674 3997; x_wconf 87' lang='lat' dir='ltr'><strong>versus</strong></span> <span class='ocrx_word' id='word_1_214' title='bbox 697 3932 848 4019; x_wconf 81' lang='lat' dir='ltr'><strong>hyemem</strong></span> <span class='ocrx_word' id='word_1_215' title='bbox 871 3933 940 3998; x_wconf 87' lang='lat' dir='ltr'><strong>haec</strong></span> <span class='ocrx_word' id='word_1_216' title='bbox 961 3930 1092 3996; x_wconf 89' lang='lat' dir='ltr'><strong>lunatio</strong></span> <span class='ocrx_word' id='word_1_217' title='bbox 1125 3952 1184 4018; x_wconf 85' lang='lat' dir='ltr'><strong>per</strong></span> <span class='ocrx_word' id='word_1_218' title='bbox 1214 3951 1358 3995; x_wconf 87' lang='lat' dir='ltr'><strong>mensem</strong></span> <span class='ocrx_word' id='word_1_219' title='bbox 1390 3952 1503 4010; x_wconf 89' lang='lat' dir='ltr'><strong>unum,</strong></span> 
     </span>
     <span class='ocr_line' id='line_1_29' title="bbox 450 4031 1504 4122; baseline -0.006 -18"><span class='ocrx_word' id='word_1_220' title='bbox 450 4040 485 4104; x_wconf 86' lang='lat' dir='ltr'><strong>ot</strong></span> <span class='ocrx_word' id='word_1_221' title='bbox 508 4033 594 4100; x_wconf 84' lang='lat' dir='ltr'><strong>infra</strong></span> <span class='ocrx_word' id='word_1_222' title='bbox 617 4057 675 4101; x_wconf 81' lang='lat' dir='ltr'><strong>sex</strong></span> <span class='ocrx_word' id='word_1_223' title='bbox 698 4057 756 4122; x_wconf 88' lang='lat' dir='ltr'><strong>per</strong></span> <span class='ocrx_word' id='word_1_224' title='bbox 778 4057 905 4100; x_wconf 87' lang='lat' dir='ltr'><strong>menses</strong></span> <span class='ocrx_word' id='word_1_225' title='bbox 937 4033 1027 4110; x_wconf 86' lang='lat' dir='ltr'><strong>duos,</strong></span> <span class='ocrx_word' id='word_1_226' title='bbox 1057 4037 1091 4098; x_wconf 85' lang='lat' dir='ltr'><strong>et</strong></span> <span class='ocrx_word' id='word_1_227' title='bbox 1123 4033 1210 4097; x_wconf 87' lang='lat' dir='ltr'><strong>infra</strong></span> <span class='ocrx_word' id='word_1_228' title='bbox 1240 4031 1412 4099; x_wconf 89' lang='lat' dir='ltr'><strong>duodecim</strong></span> <span class='ocrx_word' id='word_1_229' title='bbox 1445 4054 1504 4120; x_wconf 87' lang='lat' dir='ltr'><strong>per</strong></span> 
     </span>
     <span class='ocr_line' id='line_1_30' title="bbox 451 4134 1504 4222; baseline -0.008 -14"><span class='ocrx_word' id='word_1_230' title='bbox 451 4160 576 4209; x_wconf 65' lang='lat' dir='ltr'><strong>rurenses</strong></span> <span class='ocrx_word' id='word_1_231' title='bbox 600 4141 763 4222; x_wconf 90' lang='lat' dir='ltr'><strong>quatuor;</strong></span> <span class='ocrx_word' id='word_1_232' title='bbox 787 4136 885 4202; x_wconf 87' lang='lat' dir='ltr'><strong>etita</strong></span> <span class='ocrx_word' id='word_1_233' title='bbox 907 4136 942 4200; x_wconf 89' lang='lat' dir='ltr'><strong>in</strong></span> <span class='ocrx_word' id='word_1_234' title='bbox 964 4134 1129 4222; x_wconf 88' lang='lat' dir='ltr'><strong>profunda</strong></span> <span class='ocrx_word' id='word_1_235' title='bbox 1150 4135 1270 4220; x_wconf 88' lang='lat' dir='ltr'><strong>hyeme</strong></span> <span class='ocrx_word' id='word_1_236' title='bbox 1285 4135 1504 4201; x_wconf 84' lang='lat' dir='ltr'><strong>celebraretur</strong></span> 
     </span>
     <span class='ocr_line' id='line_1_31' title="bbox 452 4235 1502 4325; baseline -0.007 -14"><span class='ocrx_word' id='word_1_237' title='bbox 452 4240 585 4320; x_wconf 68' lang='lat' dir='ltr'><strong>Phela,</strong></span> <span class='ocrx_word' id='word_1_238' title='bbox 601 4244 716 4304; x_wconf 87' lang='lat' dir='ltr'><strong>contra</strong></span> <span class='ocrx_word' id='word_1_239' title='bbox 737 4238 852 4325; x_wconf 86' lang='lat' dir='ltr'><strong>legem,</strong></span> <span class='ocrx_word' id='word_1_240' title='bbox 877 4238 940 4302; x_wconf 84' lang='lat' dir='ltr'><strong>nisi</strong></span> <span class='ocrx_word' id='word_1_241' title='bbox 963 4235 1055 4301; x_wconf 89' lang='lat' dir='ltr'><strong>aliud</strong></span> <span class='ocrx_word' id='word_1_242' title='bbox 1071 4237 1251 4302; x_wconf 87' lang='lat' dir='ltr'><strong>remedium</strong></span> <span class='ocrx_word' id='word_1_243' title='bbox 1275 4242 1455 4325; x_wconf 87' lang='lat' dir='ltr'><strong>apponeret</strong></span> <span class='ocrx_word' id='word_1_244' title='bbox 1495 4289 1502 4303; x_wconf 91' lang='lat'><strong>.</strong></span> 
     </span>
     <span class='ocr_line' id='line_1_32' title="bbox 454 4338 1502 4428; baseline -0.01 -12"><span class='ocrx_word' id='word_1_245' title='bbox 454 4343 496 4415; x_wconf 75' lang='lat' dir='ltr'><strong>iit</strong></span> <span class='ocrx_word' id='word_1_246' title='bbox 513 4343 584 4410; x_wconf 83' lang='lat' dir='ltr'><strong>ideo</strong></span> <span class='ocrx_word' id='word_1_247' title='bbox 600 4341 801 4428; x_wconf 83' lang='lat' dir='ltr'><strong>collegerunt</strong></span> <span class='ocrx_word' id='word_1_248' title='bbox 816 4339 990 4405; x_wconf 82' lang='lat' dir='ltr'><strong>fractiones</strong></span> <span class='ocrx_word' id='word_1_249' title='bbox 1013 4338 1102 4404; x_wconf 89' lang='lat' dir='ltr'><strong>ultra</strong></span> <span class='ocrx_word' id='word_1_250' title='bbox 1126 4361 1263 4421; x_wconf 75' lang='lat' dir='ltr'><strong>mermes,</strong></span> <span class='ocrx_word' id='word_1_251' title='bbox 1289 4347 1324 4406; x_wconf 91' lang='lat' dir='ltr'><strong>et</strong></span> <span class='ocrx_word' id='word_1_252' title='bbox 1350 4341 1502 4408; x_wconf 89' lang='lat' dir='ltr'><strong>undecim</strong></span> 
     </span>
     <span class='ocr_line' id='line_1_33' title="bbox 449 4443 1503 4529; baseline -0.009 -8"><span class='ocrx_word' id='word_1_253' title='bbox 449 4447 519 4521; x_wconf 67' lang='lat' dir='ltr'><strong>siim</strong></span> <span class='ocrx_word' id='word_1_254' title='bbox 542 4451 592 4515; x_wconf 82' lang='lat' dir='ltr'><strong>tor</strong></span> <span class='ocrx_word' id='word_1_255' title='bbox 622 4443 709 4509; x_wconf 86' lang='lat' dir='ltr'><strong>infra</strong></span> <span class='ocrx_word' id='word_1_256' title='bbox 746 4448 812 4508; x_wconf 83' lang='lat' dir='ltr'><strong>tres</strong></span> <span class='ocrx_word' id='word_1_257' title='bbox 850 4463 952 4507; x_wconf 86' lang='lat' dir='ltr'><strong>annos</strong></span> <span class='ocrx_word' id='word_1_258' title='bbox 983 4448 1275 4529; x_wconf 85' lang='lat' dir='ltr'><strong>congregaverunt,</strong></span> <span class='ocrx_word' id='word_1_259' title='bbox 1297 4450 1332 4510; x_wconf 86' lang='lat' dir='ltr'><strong>et</strong></span> <span class='ocrx_word' id='word_1_260' title='bbox 1357 4445 1503 4511; x_wconf 86' lang='lat' dir='ltr'><strong>fecerunt</strong></span> 
     </span>
    </p>
   </div>
   <div class='ocr_carea' id='block_1_5' title="bbox 1159 4611 1500 4620">
    <p class='ocr_par' dir='ltr' id='par_1_5' title="bbox 1159 4611 1500 4620">
     <span class='ocr_line' id='line_1_34' title="bbox 1159 4611 1500 4620; baseline 0.009 -3"><span class='ocrx_word' id='word_1_261' title='bbox 1159 4611 1165 4617; x_wconf 82' lang='grc'>-</span> <span class='ocrx_word' id='word_1_262' title='bbox 1169 4611 1500 4620; x_wconf 49' lang='grc' dir='ltr'><strong>--υ--ς-..ψ-ι--ι-ι-</strong></span> 
     </span>
    </p>
   </div>
   <div class='ocr_carea' id='block_1_6' title="bbox 483 4697 1222 4771">
    <p class='ocr_par' dir='ltr' id='par_1_6' title="bbox 483 4697 1222 4771">
     <span class='ocr_line' id='line_1_35' title="bbox 483 4697 1222 4771; baseline -0.009 -16"><span class='ocrx_word' id='word_1_263' title='bbox 483 4699 910 4771; x_wconf 58' lang='grc' dir='ltr'><strong>“σικνεᾶκιιμνίηια]ῐι·ἰοεείηιειιω,</strong></span> <span class='ocrx_word' id='word_1_264' title='bbox 920 4700 951 4751; x_wconf 89' lang='grc' dir='ltr'><strong>Β.</strong></span> <span class='ocrx_word' id='word_1_265' title='bbox 976 4697 983 4767; x_wconf 87' lang='grc' dir='ltr'>Ι</span> <span class='ocrx_word' id='word_1_266' title='bbox 1030 4698 1105 4765; x_wconf 75' lang='lat' dir='ltr'><strong>¹1·qu</strong></span> <span class='ocrx_word' id='word_1_267' title='bbox 1125 4699 1176 4762; x_wconf 86' lang='lat' dir='ltr'><strong>illa,</strong></span> <span class='ocrx_word' id='word_1_268' title='bbox 1192 4701 1222 4749; x_wconf 91' lang='lat' dir='ltr'><strong>B.</strong></span> 
     </span>
    </p>
   </div>
   <div class='ocr_carea' id='block_1_7' title="bbox 0 0 1802 5640">
    <p class='ocr_par' dir='ltr' id='par_1_7' title="bbox 0 0 1802 5640">
     <span class='ocr_line' id='line_1_36' title="bbox 0 0 1802 5640; baseline 0 0"><span class='ocrx_word' id='word_1_269' title='bbox 0 0 1802 5640; x_wconf 95' lang='lat' dir='ltr'><strong> </strong></span> 
     </span>
    </p>
   </div>
  </div>
 </body>
</html>
