3586 5640
460 805 524 873 166
825 817 954 871 noenu
977 816 1123 870 nscours
1422 800 1511 889 [cnr.

459 991 539 1078 quia
564 991 671 1058 omnis
696 990 871 1058 affirmatio
882 992 994 1059 'habet
1016 1013 1125 1059 secum
1149 989 1298 1057 infinitas
1319 992 1512 1079 negationes

458 1093 657 1181 adjunctas;
688 1099 729 1160 ut
758 1095 787 1160 si
816 1094 914 1160 homo
952 1099 1003 1160 est
1032 1093 1163 1172 animal,
1196 1115 1263 1160 non
1294 1099 1345 1160 est
1382 1093 1511 1181 lignum

458 1219 518 1262 nec
555 1197 646 1284 lapis,
678 1219 737 1262 nec
767 1197 892 1274 coelum,
921 1219 982 1262 nec
1019 1196 1151 1262 infinita
1180 1196 1255 1276 alia,
1286 1219 1361 1283 quae
1397 1197 1512 1284 negari

458 1305 596 1386 possunt
620 1300 663 1365 ab
687 1322 732 1365 eo.
779 1299 845 1366 Sed
868 1300 975 1386 primo
1002 1304 1037 1365 et
1062 1299 1290 1386 principaliter
1312 1320 1378 1363 non
1401 1303 1513 1386 potest

459 1404 592 1489 negatio
629 1402 749 1468 inferre
780 1401 1040 1482 affirmationem,
1071 1424 1131 1468 nec
1168 1406 1277 1487 potest
1308 1423 1376 1468 esse
1414 1424 1512 1468 causa

460 1503 537 1590 ejus,
568 1505 626 1570 sed
656 1510 765 1592 potest
795 1501 1026 1571 concomitari¹
1058 1503 1124 1569 ad²
1154 1504 1225 1590 ejus
1255 1526 1393 1585 causam,
1425 1505 1512 1571 sicut

458 1607 520 1673 hie

502 1710 559 1777 Ad
581 1711 729 1793 tertium,
754 1711 794 1776 de
817 1709 940 1776 tabulis
969 1708 1076 1797 planis
1099 1708 1311 1775 circularibus
1337 1709 1512 1777 dicendum

457 1817 517 1895 est,
540 1815 628 1901 quod
650 1836 718 1881 non
748 1817 886 1901 posenni
912 1812 956 1878 ab
980 1811 1122 1878 invicem
1153 1812 1282 1892 elevari,
1313 1813 1375 1879 sub
1397 1813 1511 1881 eudem

457 1917 662 2006 figuratione,
687 1923 721 1984 et
744 1917 864 2005 aequali
886 1914 1047 1982 distantia
1069 1914 1214 2004 partium
1238 1915 1407 2003 undique;
1433 1916 1512 2006 quia

457 2024 540 2087 tunc
589 2024 778 2109 sequeretur
816 2019 904 2106 quod
949 2023 1034 2087 esset
1079 2016 1338 2085 discontinuatio
1383 2024 1512 2086 naturae

457 2122 495 2189 in
525 2124 676 2212 partibus
705 2123 861 2204 universi,
886 2123 937 2188 cui
968 2126 1018 2189 est
1048 2142 1216 2188 annexum
1248 2143 1398 2201 vacuum,
1425 2121 1512 2189 sicut

458 2225 556 2313 prius
615 2225 715 2293 Unde
747 2223 1061 2313 quantumcunque⁸
1091 2224 1190 2290 homo
1223 2223 1352 2290 nitatur
1384 2223 1512 2292 elevare

456 2328 637 2415 aequaliter,
664 2350 835 2415 nunquam
866 2327 1021 2394 deveniet
1043 2326 1086 2392 ad
1117 2326 1179 2392 hoc
1208 2325 1297 2412 quod
1320 2325 1366 2392 sio
1388 2326 1510 2404 faciat3

456 2428 513 2495 sed
545 2451 619 2495 cum
652 2429 742 2496 omni
774 2428 932 2495 facilitate
966 2429 1105 2494 inclinat
1136 2428 1267 2494 tabulas
1289 2428 1332 2494 ab
1365 2429 1511 2516 inaequs·

454 2529 573 2611 litate;
607 2536 642 2598 et
679 2532 740 2598 hoc
778 2536 887 2620 potest
925 2530 997 2597 fieri
1028 2529 1170 2596 infinitis
1207 2530 1333 2612 modis;
1371 2535 1406 2597 et
1436 2531 1511 2599 ideo

455 2655 523 2699 non
552 2633 751 2722 percipitur⁴
780 2638 916 2722 propter
950 2633 1172 2700 subtilitatem
1202 2633 1287 2698 aeris
1316 2631 1512 2714 minimam?

455 2735 513 2824 qui
551 2736 640 2804 oedit
677 2740 968 2824 quantumcunque
1006 2757 1123 2823 parum
1161 2740 1325 2823 tangatur.
1388 2735 1453 2803 Sed
1475 2737 1512 2805 in

454 2860 543 2925 aqua
564 2839 649 2905 bene
671 2844 817 2928 apparet.
863 2838 952 2904 Nam
980 2839 1009 2904 si
1039 2838 1113 2929 quis
1136 2844 1241 2927 ponet
1271 2839 1512 2907 concavitatem

454 2941 554 3029 cyphi
576 2942 676 3008 vitrei
707 2943 861 3029 ineque,
884 2946 1003 3008 tenens
1033 2941 1142 3029 ipsum
1172 2962 1232 3029 per
1253 2940 1379 3029 pedem,
1402 2945 1513 3029 potest

453 3045 596 3132 experiri
628 3044 716 3132 quod
750 3045 812 3111 sub
841 3043 1033 3132 aequalitate
1064 3043 1272 3130 figurationis
1305 3065 1373 3108 non
1402 3048 1512 3131 potest

452 3168 510 3233 per
548 3148 692 3235 aliquam
731 3147 925 3213 violentiam
962 3146 1093 3213 extrahi
1130 3146 1171 3210 de
1203 3168 1297 3234 aqua.
1367 3145 1413 3211 Et
1444 3146 1512 3212 ista

453 3250 658 3335 experientis
688 3255 800 3336 potest
831 3250 941 3316 notari
972 3255 1106 3338 propter
1136 3248 1373 3336 corpulentiam
1405 3269 1510 3336 aqum,

453 3372 527 3438 quae
551 3373 620 3416 non
645 3352 733 3417 cedit
763 3352 812 3417 ita
845 3352 885 3417 de
909 3351 998 3417 facili
1031 3353 1074 3418 ad
1096 3356 1224 3420 tactum
1250 3351 1393 3430 alterius,
1426 3351 1512 3418 sicut

452 3457 517 3532 aer,
541 3453 619 3542 quia
641 3453 711 3542 ipse
745 3458 856 3519 mutat
890 3454 990 3519 situm
1023 3454 1066 3518 ad
1100 3475 1230 3520 omnem
1264 3458 1430 3535 eventum,
1460 3454 1512 3521 ita

453 3556 541 3643 quod
570 3556 696 3622 nullam
728 3555 969 3644 experientiam
1001 3555 1100 3643 hujus
1130 3556 1178 3621 rei
1208 3561 1318 3646 potest
1340 3556 1510 3623 sustinere·

452 3658 499 3724 Et
533 3660 616 3725 mihi
639 3660 773 3726 videtur
804 3660 903 3727 modo
937 3660 1026 3748 quod
1061 3659 1094 3724 in
1121 3659 1227 3747 Opere
1250 3658 1369 3746 Majori
1399 3659 1511 3747 aliqua

451 3759 540 3826 salia6
573 3763 626 3829 hic
658 3763 736 3842 dixi,
761 3768 895 3851 propter
926 3762 988 3828 hoc
1018 3761 1106 3848 quod
1139 3761 1255 3828 multae
1286 3761 1511 3849 responsiones

452 3865 543 3933 falsae
567 3866 620 3933 hic
643 3866 808 3946 dicuntur,
833 3872 867 3932 et
889 3886 978 3932 nunc
1000 3864 1121 3931 sufficit
1142 3864 1265 3931 veritas
1287 3864 1449 3932 absoluta.

284 3979 422 4047 rnobjae·
499 3969 555 4033 Ad
594 3975 750 4055 quartum
790 3969 964 4035 dicendum
1004 3974 1055 4035 est
1093 3967 1180 4056 quod
1217 3967 1253 4032 in
1283 3989 1349 4035 uno
1386 3970 1510 4056 puncto

284 4048 344 4101 riou.

452 4069 557 4158 virga
591 4072 631 4135 fit
662 4073 762 4138 sectio
797 4071 840 4138 ad
865 4070 964 4137 duas⁷
995 4069 1189 4158 superficies,
1213 4070 1290 4155 quia
1324 4069 1510 4158 superficies

440 4170 532 4239 'sunt
589 4172 810 4240 indivisibiles
866 4173 1044 4240 secundum
1099 4172 1321 4262 profunddm3
1374 4176 1410 4239 et
1453 4171 1510 4239 ille

484 4495 491 4532 ¹
510 4496 677 4562 concomilnrr]
697 4495 872 4557 concomitare,
891 4495 921 4545 T.
1039 4498 1047 4526 ¹
1062 4495 1212 4561 percipitur]
1232 4493 1344 4560 percipit,
1360 4495 1427 4546 B.L

486 4579 559 4646 ²ud]
578 4594 628 4629 om.
641 4577 671 4628 Τ.
1039 4575 1192 4640 ³an’nimurn]
1212 4575 1238 4624 in
1251 4575 1362 4636 materis,
1380 4573 1414 4625 U.

483 4655 720 4728 ‘quantumcunqud
742 4656 954 4720 quandocumque,
1038 4653 1126 4720 nulio]
1145 4670 1194 4704 om.
1213 4654 1243 4703 Τ.

451 4738 483 4797 14.
1039 4734 1047 4761 ⁷
1059 4734 1093 4782 ud
1103 4733 1180 4799 duas]
1200 4748 1244 4798 per
1256 4735 1325 4796 duas,
1342 4733 1371 4784 L
