3586 5640
367 806 370 813 .
465 755 508 818 54
839 768 967 818 uoonnr
990 766 1135 819 sacoma
1421 757 1526 844 [orn

461 948 535 1008 tota
572 943 778 1030 philosophia
808 943 1010 1030 speculativa
1039 947 1187 1030 respectu
1226 943 1321 1010 istius
1353 949 1512 1032 practicae.

463 1044 549 1125 Quia
580 1045 650 1112 haec
672 1046 737 1110 fuit
759 1046 926 1132 theologia
947 1067 1060 1111 eorum
1091 1051 1125 1111 et
1146 1068 1205 1132 per
1228 1047 1312 1113 hanc
1334 1049 1513 1116 credebant

459 1148 588 1227 salvari,
613 1169 682 1213 nou
703 1168 762 1234 per
775 1148 863 1212 alias.
910 1147 947 1214 Si
968 1147 1071 1233 igitur
1094 1148 1222 1213 utilitas
1245 1149 1384 1214 aliarum
1411 1151 1513 1217 scicn-

458 1249 578 1314 tiarum
603 1271 670 1314 non
692 1249 897 1336 cognoscitur
921 1248 986 1312 nisi
1007 1249 1129 1314 notitia
1153 1249 1264 1315 istius¹
1289 1252 1449 1318 habeatur
1475 1254 1511 1318 in

459 1355 619 1436 quantum
657 1351 700 1415 ad
744 1373 816 1416 eam
860 1350 1067 1438 applicantur
1112 1356 1147 1418 et
1192 1353 1394 1436 ordinentur,
1431 1360 1511 1422 tunc

458 1458 571 1519 tamen
601 1453 713 1519 Latini
742 1453 896 1540 ignorant
926 1453 1011 1519 hano
1043 1454 1223 1536 scientiam,
1253 1455 1331 1541 quia
1360 1477 1428 1522 non
1461 1463 1512 1524 est

458 1555 496 1620 in
525 1577 587 1621 usu
609 1576 731 1637 eorum,
760 1555 963 1642 ignorabunt
991 1559 1190 1642 potestatem
1219 1558 1335 1624 utilem
1364 1558 1512 1628 aliarum.

459 1657 506 1722 Et
535 1657 611 1723 ideo
639 1657 717 1723 licet
738 1657 809 1723 haec
831 1657 876 1721 sit
897 1656 973 1721 finis
997 1658 1144 1723 omnium
1166 1659 1376 1726 scientiarum
1398 1664 1511 1728 tamen

457 1758 524 1824 alio
545 1759 643 1825 modo
674 1763 725 1825 ast
755 1759 896 1824 initium.
942 1757 1031 1824 Nam
1061 1759 1137 1825 finis
1170 1761 1276 1846 primo
1306 1767 1358 1828 est
1387 1762 1424 1828 in
1460 1764 1512 1829 in·

456 1861 605 1928 tentione
638 1867 674 1928 et
705 1861 904 1949 cogitatione
929 1866 964 1929 et
993 1867 1105 1928 movet
1133 1861 1298 1930 efficiene²
1330 1864 1374 1929 ad
1402 1869 1509 1931 totum

458 1964 700 2051 operationem3
737 1968 772 2030 et
812 1963 888 2030 ideo
925 1964 996 2030 haec
1045 1964 1183 2031 scientia
1226 1965 1361 2032 deberet
1402 1967 1509 2052 primo

457 2067 532 2133 sciri
564 2071 604 2132 ut
637 2065 735 2130 homo
766 2073 974 2153 cognosceret
1007 2067 1050 2132 ad
1081 2067 1162 2153 quid
1196 2071 1232 2133 et
1263 2072 1397 2155 propter
1428 2070 1509 2155 quid

456 2172 666 2255 operaretur3
704 2171 868 2252 quatenus
905 2169 976 2235 haec
1013 2167 1150 2235 scientia
1183 2170 1228 2237 sit
1260 2170 1375 2258 regula
1405 2172 1509 2237 totius

456 2269 654 2356 operationis
684 2268 847 2349 humanae,
877 2276 917 2336 ut
953 2270 1038 2336 nihil
1071 2269 1193 2338 faceret
1228 2271 1293 2337 nisi
1330 2274 1508 2340 secundum

455 2373 539 2437 hane
570 2369 747 2436 scientiam
809 2371 854 2436 Et
891 2371 965 2438 ideo
997 2393 1018 2436 a
1049 2373 1228 2457 juventute
1265 2373 1399 2440 deberet
1436 2376 1509 2461 qui·

453 2473 536 2539 libet
557 2472 678 2538 instrui
709 2472 827 2539 saltem
849 2472 885 2538 in
907 2474 1083 2539 universali
1115 2473 1152 2539 in
1182 2474 1243 2540 hac
1273 2475 1415 2541 scientia
1462 2478 1508 2542 Et

453 2579 586 2662 propter
622 2575 684 2642 hoe
721 2575 859 2661 quilibet
889 2597 911 2640 a
935 2575 1114 2662 juventute
1150 2575 1338 2645 instruitur.
1364 2598 1422 2663 per
1455 2599 1507 2642 ec-

453 2676 585 2744 clesiam
618 2677 655 2742 in
685 2676 728 2742 iis
761 2698 836 2764 quae
866 2677 944 2743 fidei
978 2681 1064 2742 sunt.
1110 2676 1156 2744 Ilt
1189 2676 1380 2743 deberemus
1409 2678 1506 2764 longe

453 2779 529 2868 plus
564 2779 685 2845 instrui
721 2779 758 2844 in
795 2779 932 2845 scientia
970 2778 1094 2845 Christi
1131 2800 1153 2844 a
1184 2778 1360 2864 juventute
1406 2800 1505 2864 quam

288 2890 408 2947 children
453 2881 654 2948 instruimur.
700 2881 790 2946 Nam
811 2881 868 2946 lex
882 2880 947 2946 Dei
970 2879 1121 2946 deberet³
1134 2879 1200 2968 legi
1223 2880 1339 2966 pueris,
1356 2885 1396 2945 ut
1417 2902 1506 2945 aesu-

285 2957 416 3087 {ffllffi
453 2989 598 3051 cocorant
633 3005 759 3071 semper
796 2984 839 3048 ad
860 2982 1035 3048 veritatem
1067 2982 1152 3061 fidei,
1185 2986 1220 3048 et
1252 2981 1396 3048 maxime
1429 2983 1505 3048 libri

285 3090 400 3168 rauna
452 3088 615 3174 planiores
637 3091 672 3152 et
692 3086 797 3172 magis
817 3085 958 3151 morales
979 3084 1151 3170 utriusque
1173 3083 1397 3165 Testamenti3
1420 3085 1506 3151 sicut

284 3155 430 3273 neppam
453 3190 554 3255 etiam
577 3187 680 3275 aliqui
710 3187 852 3253 audiunt
876 3187 1016 3253 Bibliam
1041 3185 1278 3262 versificatam3
1309 3186 1365 3252 sed
1387 3187 1505 3253 melius

284 3287 415 3404 romeosd
452 3296 537 3356 esset
551 3291 639 3378 quod
661 3288 814 3356 audirent
829 3294 864 3355 et
878 3292 1104 3359 construerent
1126 3287 1333 3375 evangelium
1348 3289 1384 3354 in
1399 3311 1503 3376 prosa,

284 3354 439 3472 {mim
453 3398 488 3459 et
511 3391 685 3480 Epistolas,
718 3397 753 3458 et
784 3392 886 3458 libros
919 3391 1112 3469 Salomonis,
1136 3389 1215 3476 quia
1239 3390 1299 3455 illa
1319 3392 1504 3459 versificata

284 3495 361 3550 Μ
451 3500 583 3560 truncat
605 3495 724 3575 omnia,
749 3499 784 3559 et
805 3494 889 3558 nihil
920 3493 1017 3558 valet
1066 3493 1154 3558 Nam
1188 3493 1295 3580 primo
1326 3499 1375 3559 est
1406 3496 1503 3561 homo

450 3597 663 3662 instruendus
685 3597 721 3660 in
743 3596 784 3661 iis
816 3617 890 3682 quae
923 3595 1092 3682 pertinent
1124 3595 1166 3661 ad
1200 3595 1339 3662 salutem
1373 3598 1502 3678 animae,

451 3704 491 3764 ut
512 3720 640 3786 semper
661 3702 825 3764 manescat
846 3697 999 3784 proficere
1013 3697 1050 3762 in
1072 3696 1195 3763 melius
1235 3697 1281 3762 Et
1295 3703 1428 3784 propter
1443 3700 1503 3765 hoo

451 3800 475 3866 J
477 3800 564 3866 udsei
595 3821 616 3865 a
640 3799 820 3886 juventute
854 3800 961 3886 primo
990 3797 1163 3864 addiscunt
1196 3799 1302 3886 legem
1334 3799 1406 3864 Dei.
1453 3799 1502 3865 Et

452 3900 605 3968 Bottius⁴
637 3902 674 3966 in
704 3901 790 3966 libro
812 3899 853 3967 de
883 3900 1065 3987 Disciplina
1087 3900 1268 3966 Scolarium
1298 3899 1392 3966 docet
1414 3901 1503 3985 quod

450 4004 544 4091 pueri
566 4004 672 4091 primo
694 4002 878 4069 instruendi
900 4008 979 4068 sunt
1001 4004 1037 4067 in
1059 4002 1153 4068 libris
1176 4002 1329 4079 Senecae3
1355 4006 1390 4066 et
1413 4002 1503 4068 Beda

450 4105 587 4192 exponit
608 4104 696 4192 quod
717 4106 779 4171 hoc
800 4104 881 4172 dicit
903 4106 982 4191 quia
1003 4105 1109 4191 primo
1132 4110 1211 4169 srmt
1232 4101 1368 4169 docendi
1382 4104 1418 4168 in
1432 4125 1502 4169 mo-

449 4209 548 4287 ribus,
573 4208 652 4294 quia
679 4206 757 4273 libri
789 4206 921 4276 Seneca
952 4212 1032 4274 sunt
1064 4205 1212 4271 morales.
1259 4205 1324 4271 Sed
1357 4227 1425 4272 non
1454 4206 1501 4273 sic

481 4578 585 4627 'notitia
595 4575 680 4642 istiu]
698 4574 754 4637 ieta,
772 4574 804 4626 T.
1034 4570 1159 4637 'deterrq
1178 4571 1257 4630 debet
1272 4570 1302 4623 U.

480 4655 618 4723 ‘efficicne]
637 4655 791 4718 efficientem,
803 4655 837 4706 U.
1035 4649 1172 4725 ‘Boc‘tr'ffl
1190 4650 1272 4718 cepi.
