3586 5640
305 767 408 856 uxrs]
693 780 781 830 orus
802 779 968 830 ruamus.
1296 764 1362 830 249

305 959 424 1026 ultimo
447 958 519 1023 dixi
542 957 583 1022 de
606 956 679 1021 istis
701 957 817 1036 tribus,
833 959 885 1020 est
907 976 992 1021 unus
1014 976 1135 1020 versus
1182 953 1248 1020 Sed
1270 953 1362 1034 illud,

305 1061 394 1148 quod
416 1060 497 1138 dixi,
522 1081 649 1125 comma
672 1057 773 1123 habet
795 1058 1021 1144 pausationem
1044 1057 1164 1122 flexam
1187 1079 1304 1143 parum
1325 1079 1364 1123 ac

305 1165 502 1250 depressam,
536 1166 587 1227 est
619 1182 767 1240 comma3
807 1157 895 1244 quod
933 1163 1047 1224 autem
1084 1159 1234 1244 sequitur
1271 1159 1364 1224 colon

306 1287 385 1330 vero
409 1265 587 1340 elevatum,
613 1269 663 1328 est
686 1261 787 1328 colon
832 1261 947 1326 Tertia
972 1283 1047 1348 pars
1080 1259 1160 1327 facit
1182 1260 1364 1347 periodum.

308 1367 359 1433 Ut
390 1365 524 1431 Genesis
547 1365 654 1452 primo
668 1364 745 1451 [2.]:
792 1363 925 1429 “Terra
946 1369 1058 1429 autem
1090 1368 1163 1429 erat
1200 1363 1309 1428 inanis
1331 1366 1365 1427 et

307 1466 440 1544 vacua,’'
455 1472 506 1532 est
528 1465 676 1531 sommal
736 1466 811 1530 “Et
836 1466 980 1531 tenebrse
1006 1470 1101 1531 erant
1127 1487 1225 1552 super
1248 1464 1365 1530 faciem

307 1567 447 1656 abyui,''
463 1573 513 1634 est
527 1568 641 1634 colon.2
689 1567 763 1632 “Et
777 1566 913 1653 spiritus
929 1567 1064 1633 Domini
1079 1567 1245 1634 ferebatur
1268 1588 1365 1653 super

308 1670 437 1757 aquss,”
464 1675 516 1736 est
537 1666 713 1757 periodus.³
758 1668 804 1734 Et
825 1668 874 1733 ibi
896 1669 937 1734 fit
959 1668 1095 1735 versus.⁴

353 1773 420 1839 Has
441 1793 520 1838 vero
542 1776 622 1836 sunt
637 1770 848 1857 pausationes
863 1771 1059 1857 principales
1073 1796 1081 1852 ;
1104 1773 1162 1838 sed
1176 1777 1291 1838 tamen
1305 1771 1365 1838 ali·

309 1874 441 1962 quando
463 1874 675 1960 intercipitur
701 1873 820 1958 aliquis
853 1878 995 1959 punctus
1025 1873 1174 1960 simplex,
1205 1880 1246 1939 ut
1275 1875 1366 1940 Deu-

309 1977 502 2044 teronomise
525 1974 776 2041 tertiodecimo.
792 1974 852 2061 [l]
902 1974 969 2040 “Si
992 1975 1175 2040 surrexerit
1197 1976 1234 2041 in
1256 1976 1365 2042 medio

311 2089 329 2115 “
351 2080 403 2145 tui
425 2079 612 2166 prophetes
646 2084 706 2143 aut
739 2078 796 2164 qui
819 2077 983 2143 somnium
1006 2076 1130 2141 vidisse
1152 2099 1187 2142 se
1210 2077 1307 2156 dost,
1330 2083 1366 2144 et

311 2190 329 2217 “
351 2181 545 2268 praedixerit
568 2181 699 2267 signum
718 2185 819 2264 atque
833 2185 1035 2266 portentum,
1051 2184 1087 2245 et
1109 2180 1256 2245 evene1it
1278 2179 1366 2265 quod

311 2293 328 2319 “
352 2285 482 2349 locutus
505 2288 565 2362 est,
589 2287 624 2347 et
646 2282 771 2347 dixerit
794 2281 868 2359 tibi,
885 2281 1010 2346 Eanrus
1033 2285 1068 2346 et
1090 2303 1265 2367 sequamur
1287 2281 1365 2348 deos

312 2392 328 2420 “
352 2385 484 2464 alienos,
501 2405 582 2470 quos
604 2383 745 2469 ignoras,
767 2387 802 2448 et
824 2383 1006 2449 serviamus
1030 2383 1105 2448 eis''
1149 2384 1193 2449 In
1214 2383 1367 2450 omnibus

311 2487 465 2552 clausulis
498 2485 762 2572 praecedentibus
795 2483 895 2550 debet
927 2485 998 2551 fieri
1033 2485 1174 2572 simplex
1191 2485 1366 2573 ,aspiratio

311 2589 382 2654 sins
404 2588 589 2653 elevatione
612 2586 666 2652 vel
689 2586 904 2672 depressione,
924 2588 981 2652 sed
1003 2587 1056 2652 hic
1079 2587 1276 2674 deprimitur
1290 2609 1365 2653 vox.

313 2691 360 2755 Et
383 2711 458 2755 cum
482 2688 633 2768 infertur,
666 2687 774 2752 “Non
796 2689 911 2754 audies
944 2689 1046 2754 verba
1077 2689 1247 2776 prophetae
1278 2689 1368 2754 illius

313 2800 330 2829 “
354 2797 414 2857 aut
448 2790 659 2857 somniatoris
674 2788 703 2870 ;’'
740 2790 795 2855 hic
831 2791 990 2871 elevatur,
1029 2796 1064 2856 et
1102 2796 1182 2856 tunc
1218 2793 1368 2875 sequitur

312 2893 473 2983 periodus,
498 2892 557 2957 ubi
580 2891 747 2958 sententia
768 2892 959 2976 completur.
1008 2891 1074 2957 Sed
1096 2892 1368 2957 considerandum

313 2995 401 3082 quod
423 3016 491 3058 non
514 3015 641 3080 semper
662 2993 788 3059 cadunt
810 2993 880 3058 haeo
902 2994 968 3057 tria
989 2992 1025 3056 in
1048 2993 1161 3058 eodem
1184 3014 1290 3071 vorsu,
1311 2993 1369 3058 sed

312 3095 489 3183 aliquando
515 3095 621 3160 solum
644 3116 772 3161 comma
794 3115 868 3159 cum
891 3093 1034 3181 periodo,
1061 3094 1238 3180 aliquando
1261 3094 1367 3160 solum

315 3199 416 3264 colon.

358 3301 507 3366 Punctus
529 3318 608 3363 vero
631 3297 810 3384 depressus,
838 3319 895 3363 seu
921 3320 1055 3377 comma,
1087 3299 1127 3366 lit
1158 3299 1368 3386 quandocun·
1381 3327 1516 3379 'russon-

314 3424 377 3488 que
401 3406 451 3468 est
473 3400 667 3487 suspensiva
690 3400 910 3480 constructio;
944 3402 1077 3487 quando
1108 3403 1229 3469 scilieet
1255 3410 1429 3469 versusm’·

314 3505 432 3591 incipit
454 3503 496 3569 ab
527 3499 626 3568 istis⁶
659 3502 869 3583 dictionibus,
901 3502 935 3569 sa'
968 3505 1022 3569 vel
1044 3503 1166 3591 siquis
1190 3505 1367 3592 quoniam,

315 3605 409 3692 qam,
441 3611 476 3671 et
507 3603 571 3691 qai
604 3605 737 3669 nomine
768 3605 909 3686 infinito,
953 3611 987 3672 et
1024 3628 1239 3693 quoemsoque,
1279 3629 1367 3688 cum,

316 3727 467 3793 curaque,
498 3713 691 3794 postquam,
713 3714 755 3773 ot
777 3730 836 3793 pro
854 3715 1046 3794 postquam,
1071 3709 1156 3788 licet,
1184 3708 1343 3795 quamvis
1353 3732 1368 3790 ,·

315 3809 447 3895 quando
467 3809 567 3873 etiam
593 3809 798 3895 praeponitur
821 3811 988 3876 ablativus
1010 3811 1187 3887 absolutus,
1209 3815 1244 3876 et
1265 3811 1369 3897 parti·

315 3912 437 3998 cipium
459 3911 630 3998 praesentis
653 3911 818 3997 temporis
877 3911 1074 4000 Exemplum
1097 3914 1138 3978 de
1160 3913 1266 4000 primo
1289 3912 1368 3979 Pro·

315 4013 515 4091 verbiorum,
538 4011 693 4078 vicesimo
708 4013 849 4099 septimo
862 4012 965 4100 [22.]:
992 4015 1060 4080 “Si
1076 4016 1261 4080 contuderis
1284 4015 1366 4081 stul·

317 4122 335 4150 “
358 4119 431 4180 tum
446 4115 484 4179 in
510 4114 586 4200 pila,
609 4113 703 4199 quasi
718 4115 865 4200 ptisanas
884 4115 1023 4203 desuper
1045 4116 1182 4182 feriente
1204 4117 1280 4204 pilo,
1300 4138 1367 4183 non

316 4223 335 4258 “
357 4217 527 4283 auferetur
548 4215 592 4282 ab
614 4237 652 4282 eo
675 4215 819 4281 stultitia
850 4215 951 4302 ejus.”
1006 4218 1053 4284 Et
1084 4219 1130 4286 sic
1152 4204 1193 4285 de
1215 4218 1369 4286 omnibus
