3586 5640
480 775 523 840 68
855 783 982 838 aonam
1005 783 1152 835 ancoras
1441 767 1529 855 [oar.

477 959 610 1041 tionem,
633 966 669 1026 et
691 965 853 1046 quatenus
875 958 969 1025 labor
992 981 1084 1025 meus
1107 964 1193 1027 esset
1214 963 1334 1025 vestrae
1357 959 1530 1045 sapientiae

477 1068 585 1146 notus,
613 1068 713 1150 atque
744 1065 783 1128 ut
815 1061 932 1127 melius
966 1067 1000 1127 et
1022 1063 1141 1129 certius
1163 1062 1275 1148 aliqua
1295 1066 1528 1140 tractarentur,

477 1169 512 1231 et
534 1164 600 1230 alia
620 1167 837 1243 mutarentur,
861 1168 896 1230 et
917 1164 1071 1249 quaedam
1093 1163 1299 1230 adderentur.

523 1267 662 1353 Propter
708 1265 812 1352 igitur
860 1264 1049 1350 hujusmodi
1096 1266 1241 1333 rationes
1288 1285 1416 1333 necesse
1463 1264 1530 1330 fuit

477 1368 538 1434 ut¹
571 1367 798 1433 descenderem
825 1367 869 1432 ad
899 1370 1010 1454 partes
1044 1367 1161 1454 Operis
1184 1367 1329 1454 Majoris,
1361 1372 1462 1454 atque
1485 1366 1529 1431 ad

478 1469 683 1535 innuendum
717 1473 752 1534 et
791 1468 990 1556 signandum
1027 1490 1101 1555 quae
1139 1474 1249 1535 essent
1291 1469 1397 1557 magis
1434 1473 1528 1536 nota»

478 1571 568 1649 bilia,
593 1575 653 1636 aut
674 1575 808 1657 propter
829 1570 1065 1652 necessitatem,
1090 1575 1149 1636 aut
1179 1577 1315 1658 propter
1347 1571 1529 1658 pulchritu-

479 1673 590 1739 dinem
627 1672 807 1759 sapientiae,
854 1677 915 1738 aut
956 1677 1090 1759 propter
1132 1672 1385 1739 admirationem
1435 1672 1529 1759 quasi

479 1773 637 1854 miraculi,
675 1778 734 1839 aut
767 1777 901 1861 propter
939 1774 1217 1862 magnificentiam
1250 1775 1439 1855 veritatum,
1470 1778 1530 1839 aut

478 1881 612 1964 propter
645 1872 773 1941 omnes'
794 1875 854 1941 has
886 1897 999 1942 causas
1022 1875 1077 1943 vel
1109 1876 1226 1962 plures
1273 1875 1319 1941 Et
1350 1875 1435 1942 sicut
1468 1875 1530 1941 feci

479 1979 517 2045 in
540 1978 690 2045 Secundo
722 1977 830 2064 Opere
861 1982 1009 2064 respectu
1040 1977 1144 2043 Primi
1175 1976 1354 2044 secundum
1385 1977 1445 2043 has
1478 2000 1530 2042 ra

478 2080 594 2159 tiones,
625 2078 748 2146 faciam
775 2075 828 2143 hie
867 2085 1017 2165 respectu
1057 2079 1256 2168 utriusque;
1298 2084 1332 2145 et
1365 2079 1530 2166 praecipue

478 2187 629 2268 respectu
666 2180 815 2248 Secundi
874 2180 919 2246 Et
952 2181 1031 2267 quia
1062 2202 1131 2248 non
1167 2182 1280 2248 omnia
1301 2182 1438 2270 signavi,
1469 2204 1530 2248 nec

479 2283 627 2349 notanda
660 2287 794 2368 propter
825 2303 903 2348 suaa
940 2304 1053 2351 causas
1075 2282 1324 2362 demonstravi,⁸
1345 2284 1420 2351 ideo
1442 2306 1530 2350 nunc

478 2384 609 2470 singula
630 2387 777 2470 tangam,
800 2387 835 2448 et
857 2384 964 2449 dicam
987 2406 1088 2470 quare
1109 2386 1257 2451 notanda
1278 2391 1363 2452 sunt.
1419 2385 1465 2451 Et
1487 2386 1529 2450 ad

478 2505 518 2550 ea
539 2505 659 2570 ponam
681 2483 794 2570 aliqua
814 2485 930 2572 signa3
953 2485 1078 2552 scilicet
1100 2487 1153 2552 vel
1176 2488 1286 2573 capita
1306 2487 1450 2552 hominis
1472 2510 1527 2551 ex-

476 2585 581 2652 terius
614 2586 776 2673 ponendo,
810 2587 867 2653 vel
899 2587 990 2653 aliud
1012 2609 1071 2674 pro
1093 2593 1183 2667 nota,
1215 2592 1378 2674 quatenus
1400 2587 1528 2652 facilius

478 2691 591 2753 vestra
605 2688 775 2775 occupatio
790 2688 893 2776 eligat
914 2711 955 2755 ea
969 2710 1043 2776 quae
1058 2688 1163 2776 magis
1178 2687 1413 2755 consideranda
1428 2685 1528 2752 srmt.⁴

478 2787 567 2871 Quia
588 2811 657 2856 non
679 2811 813 2878 possum
840 2792 921 2858 satis
946 2791 1067 2879 juvare
1089 2790 1353 2878 magnitudinem
1392 2810 1528 2874 oocupa-

477 2891 609 2959 tionum
631 2897 827 2973 vestrarum,
850 2915 889 2960 eo
912 2893 1002 2981 quod
1024 2899 1104 2959 sunt
1125 2887 1238 2979 quaai⁶
1259 2891 1409 2957 infinitae.

486 3016 496 3031 ·
523 2994 726 3062 Enumeravi
754 3004 834 3062 vero
862 2995 1081 3085 intentionem
1114 2995 1259 3082 partium
1284 2992 1401 3080 Operis
1424 2991 1527 3058 Primi

475 3096 656 3163 seeundum
678 3096 827 3164 ordinem
849 3103 978 3164 naturae
1000 3098 1036 3162 in
1067 3097 1227 3184 partibus,
1258 3095 1383 3161 scilieet
1413 3115 1527 3160 secun-

476 3198 558 3264 dum
580 3198 739 3287 majorem
761 3199 981 3288 dignitatem
1008 3204 1043 3266 et
1064 3198 1139 3265 idco
1161 3199 1249 3265 inter
1270 3198 1423 3264 scientias
1444 3219 1527 3284 quas

475 3299 574 3386 tetigi
596 3300 705 3387 incepi
728 3301 772 3366 ab
794 3301 923 3383 ultima,
938 3301 1103 3368 sciliceta
1124 3300 1241 3367 morali
1263 3300 1476 3388 philosophia,
1493 3305 1528 3365 et

475 3400 593 3466 deinde
627 3423 649 3467 a
681 3402 820 3468 soientm
851 3403 1102 3490 experimentali
1114 3426 1123 3483 ;
1156 3406 1192 3468 et
1223 3403 1270 3469 sio
1291 3401 1381 3468 ultra
1411 3402 1526 3469 ordine

475 3503 641 3570 contrario
673 3503 724 3568 illi
746 3525 846 3591 quam
878 3506 914 3570 in
945 3505 1138 3572 executione
1165 3504 1328 3571 tenebam.
1373 3505 1440 3572 Sed
1465 3504 1527 3570 hoc

473 3603 553 3672 licet
575 3605 619 3671 ad
642 3605 893 3673 delectationem
916 3611 951 3673 et
976 3628 1121 3673 amorem
1148 3606 1321 3695 sapientiae
1352 3606 1457 3694 magis
1479 3607 1527 3671 nl-

472 3705 614 3786 liciebat,
638 3712 674 3773 et
695 3707 757 3774 hoc
779 3709 927 3796 oportuit
948 3709 1021 3775 fieri
1042 3709 1078 3773 in
1109 3709 1217 3796 prima
1238 3709 1454 3797 persuasione,
1486 3713 1526 3774 ut

470 3808 601 3874 animus
632 3809 872 3896 praeveniretur
899 3811 1042 3898 quadarn
1073 3810 1240 3878 suavitate
1272 3811 1524 3898 complacentia,

469 3915 583 3976 tamen
604 3911 714 3977 minus
745 3911 823 3978 fecit
854 3913 897 3978 ad
929 3912 1195 4001 intelligentiam,
1226 3933 1301 4000 quae
1330 3911 1527 3977 naturaliter

469 4011 561 4098 prior
582 4017 634 4079 est
656 4012 874 4080 delectatione
885 4037 894 4094 3
926 4018 961 4080 et
983 4014 1058 4081 ideo
1079 4035 1259 4102 prosequar
1280 4017 1392 4100 partes
1413 4033 1525 4078 secun-

501 4406 508 4439 ¹
521 4407 561 4476 ¹¹⁸]
581 4411 655 4475 quod,
666 4411 696 4464 B.
1019 4413 1098 4481 arnt]
1134 4414 1217 4466 These
1229 4413 1316 4466 marks
1326 4414 1359 4466 do
1370 4421 1415 4465 not
1431 4427 1525 4479 appear

498 4486 611 4555 Ἥκω]
630 4505 679 4541 om·
697 4490 728 4544 Τ.
1020 4495 1047 4545 in
1063 4509 1115 4560 any
1131 4494 1162 4545 ol
1173 4494 1216 4545 the
1232 4494 1308 4546 MSS.
1326 4494 1409 4544 which
1427 4493 1441 4543 1
1458 4494 1523 4544 have

497 4566 692 4636 ’amcam
711 4570 846 4634 declaravi,
863 4572 896 4624 Τ.
1020 4588 1088 4625 uon.

496 4645 605 4713 ‘dms
632 4683 766 4702 ······
791 4649 968 4704 merides-anda
1052 4649 1224 4719 ‘namq
1242 4652 1314 4719 quael
1330 4659 1397 4717 suat,
1414 4652 1446 4705 Τ,
1464 4648 1494 4704 Β.
