3586 5640
832 818 962 870 sooner
984 817 1138 871 securus.
1421 814 1509 889 [rer.

856 1108 934 1177 Car.
961 1107 1107 1176 XXXII.

287 1287 342 1392 ‘me
354 1312 417 1390 mel·
501 1298 642 1366 Dumna
656 1299 804 1366 converti
819 1298 965 1386 stylum¹
988 1301 1031 1373 ad
1052 1299 1361 1388 multiplicationem
1388 1303 1508 1390 specie.

286 1380 424 1512 gimel
455 1423 528 1469 rum
559 1426 579 1468 a
604 1403 675 1469 loco
701 1424 770 1469 suae
795 1403 1037 1488 generationis;
1067 1407 1102 1469 et
1128 1403 1176 1470 ibi
1203 1410 1282 1471 sunt
1308 1407 1406 1492 longe
1436 1429 1507 1471 ma·

286 1513 417 1592 explained
450 1506 525 1592 jora
546 1512 581 1571 et
603 1508 704 1593 plura
751 1505 838 1572 Sedi
872 1506 943 1572 haec
971 1506 1295 1594 multiplicationes
1317 1515 1428 1596 potest
1450 1532 1508 1575 ex-

287 1588 420 1712 {ffissem'
454 1608 576 1696 plicari,
601 1631 661 1674 nec
690 1609 775 1688 sciri,
800 1608 865 1673 nisi
895 1609 931 1674 in
954 1609 1059 1690 lineis,
1082 1609 1215 1696 augulis
1245 1615 1279 1676 ct
1302 1611 1444 1698 figurie;
1473 1616 1510 1677 et

454 1711 528 1776 ideo
558 1712 694 1800 exposui
716 1717 823 1779 totam
853 1711 1161 1799 multiplicationem
1185 1713 1365 1779 secundum
1395 1735 1508 1780 omnes

454 1813 657 1881 differentias
680 1814 851 1896 linearum,
881 1819 917 1880 et
946 1814 1152 1902 angulorum,
1183 1820 1218 1882 et
1249 1815 1439 1902 figurarum,
1470 1818 1507 1883 in

287 1923 309 1970 ¹·
326 1919 369 2000 ΒΥ
454 1915 574 2003 quibus
605 1918 788 1985 delectatur
809 1921 931 1983 natura
959 1917 1097 2005 operari.
1144 1917 1191 1982 Et
1212 1918 1392 1984 certificavi
1419 1920 1506 2005 quod

286 1988 394 2105 mizi
453 2021 574 2107 species
612 2021 851 2109 multiplicatur
879 2041 978 2107 super
1014 2021 1118 2086 lineas
1147 2025 1261 2102 rectas,
1295 2020 1374 2086 dum
1411 2021 1507 2087 vadit

285 2121 371 2200 *²041ae
382 2121 413 2171 οἵ
453 2124 490 2188 in
514 2123 629 2190 eodem
653 2145 794 2211 corpore,
819 2125 919 2188 utin
945 2124 1033 2203 ooelo,
1058 2123 1113 2189 vel
1142 2124 1227 2212 igne,
1254 2123 1308 2189 vel
1337 2130 1420 2203 e‘e're,
1452 2124 1507 2189 vel

285 2189 412 2320 mm
453 2248 547 2313 aque,
565 2227 618 2292 vel
640 2227 712 2292 alio.
759 2227 825 2292 Sed
846 2247 921 2291 cum
943 2227 1039 2292 venit
1058 2227 1102 2292 ad
1124 2248 1241 2314 corpus
1260 2225 1416 2294 subtilius
1436 2226 1507 2292 ver

284 2322 388 2437 ffiffi
454 2329 594 2409 densius,
626 2335 707 2395 tunc
744 2329 859 2410 adhuc,
889 2330 918 2394 si
948 2329 1037 2395 cadit
1066 2329 1382 2417 perpendiculariter
1410 2351 1508 2416 super

285 2455 371 2504 bodies
382 2454 412 2504 of
453 2451 569 2516 corpus
597 2430 777 2496 secundum
803 2429 937 2496 densius
963 2429 1018 2496 vel
1043 2432 1158 2510 rarius,
1190 2437 1284 2499 tenet
1310 2433 1346 2497 in
1375 2454 1413 2498 eo
1435 2434 1508 2498 viee

284 2522 394 2652 3253ss
454 2537 568 2597 rectas.
647 2533 685 2598 Si
735 2533 836 2597 etiam
886 2553 1002 2620 corpus
1051 2534 1195 2618 primum
1245 2540 1280 2600 et
1328 2537 1507 2601 secundum

383 2623 392 2642 ’
453 2640 627 2720 sequentur
652 2636 689 2700 in
719 2635 858 2700 raritate
880 2635 934 2700 vel
967 2635 1140 2712 densitate,
1171 2636 1278 2701 adhuc
1300 2638 1336 2701 in
1366 2643 1507 2724 utroque
1583 2699 1585 2703 .

455 2744 549 2805 tenet
585 2741 657 2805 vias
694 2745 807 2806 rectos
869 2737 936 2805 Sed
972 2739 1001 2804 si
1038 2759 1154 2826 eorpus
1190 2742 1371 2806 secundum
1407 2743 1507 2808 fuerit

454 2842 609 2908 densius⁴
638 2843 746 2930 primo
775 2841 860 2908 radii
890 2841 1045 2908 cadentes
1072 2841 1118 2907 sd
1151 2841 1290 2930 angulos
1319 2843 1505 2930 inaequales,

452 2945 576 3013 scilicet
600 2946 658 3033 qui
688 2944 773 3010 radii
802 2966 870 3010 nou
900 2949 982 3010 sunt
1018 2944 1308 3033 perpendiculares,
1338 2946 1507 3012 declinant

454 3050 490 3114 in
515 3048 685 3136 superficie
718 3048 862 3134 corporis
892 3047 1027 3113 secundi
1057 3070 1078 3112 a
1108 3051 1197 3114 reato
1227 3049 1363 3130 incessu,
1386 3054 1421 3115 et
1458 3049 1506 3115 ibi

452 3152 580 3218 faciunt
610 3152 788 3239 anguium3
819 3155 853 3218 et
883 3151 954 3218 haec
979 3150 1155 3217 declinatio
1181 3151 1346 3238 engrrlerie
1369 3158 1507 3220 vocetur

453 3254 571 3319 fractio
586 3254 677 3319 radii.
882 3331 885 3334 Α

285 3367 397 3446 Thisre·
498 3357 564 3422 Sed
593 3355 663 3423 haec
692 3357 809 3422 fractio
840 3356 990 3423 variatur
1026 3356 1155 3423 duobus
1185 3357 1299 3423 modis
1360 3358 1448 3423 Nam
1478 3360 1506 3425 si

284 3433 433 3552 aesstffls
452 3481 568 3546 corpus
613 3459 794 3525 secundum
849 3464 899 3525 est
948 3458 1082 3530 densius
1132 3459 1246 3546 primo,
1296 3465 1335 3527 ut
1389 3461 1507 3527 eccidit

453 3562 677 3628 descendendo
715 3584 737 3626 a
772 3562 854 3628 coelo
891 3563 928 3626 in
964 3562 1108 3648 sphaerae
1145 3563 1389 3645 elementorum,
1428 3570 1508 3630 tunc

452 3665 568 3732 fractio
591 3666 676 3730 radii
698 3670 749 3730 est
778 3666 867 3730 inter
895 3665 1058 3730 incessum
1084 3670 1209 3730 rectum
1236 3672 1271 3731 et
1297 3667 1508 3753 perpendicu-

452 3770 555 3834 larem
582 3769 762 3834 ducendam
790 3791 810 3832 a
836 3768 906 3832 loco
929 3767 1098 3833 fractionis
1125 3770 1161 3833 in
1185 3790 1301 3856 corpus
1321 3771 1506 3835 secundum.

453 3871 490 3938 Si
520 3894 598 3938 vero
631 3893 747 3958 corpus
786 3871 965 3937 secundum
1004 3875 1054 3935 est
1091 3871 1207 3951 rarius,
1246 3877 1328 3936 tunc
1365 3873 1507 3936 incessus

453 3981 562 4042 rectus
612 3975 700 4040 cadit
746 3977 834 4039 inter
878 3972 1072 4039 fractionem
1123 3978 1158 4038 et
1206 3973 1506 4060 perpendicularem

455 4077 637 4144 ducendam
661 4100 682 4142 a
703 4076 773 4143 loco
796 4076 973 4143 fractionis.
1021 4075 1067 4140 Et
1088 4075 1157 4142 haec
1171 4075 1315 4140 variatio
1336 4074 1506 4141 fractionis

454 4181 491 4246 in
528 4180 830 4267 multiplicatione⁶
865 4180 1030 4246 virtutum
1060 4179 1260 4245 naturalium
1291 4184 1341 4244 est
1370 4201 1437 4244 une
1467 4181 1507 4245 de

462 4340 724 4350 ο.-..ο--.--...,
816 4342 820 4344 Ἴ
850 4340 949 4347 ..---..
1158 4338 1505 4349 --ffl—--n-m

489 4405 495 4434 ¹
519 4399 619 4466 stylum]
640 4401 710 4464 Opus
721 4400 812 4463 Meu'us,
824 4415 847 4466 p.
861 4406 900 4452 67.
1007 4401 1108 4451 densius
1120 4401 1209 4465 primo,
1218 4409 1244 4451 ot
1254 4399 1316 4451 redii
1325 4403 1449 4461 cedentes,
1458 4401 1490 4453 U.
1500 4422 1506 4462 ;

489 4484 499 4511 ²
518 4480 581 4545 Sed]
601 4486 633 4539 et,
650 4480 679 4528 T.
1007 4480 1082 4530 fucrit
1092 4481 1133 4531 vel
1144 4482 1246 4532 densim
1257 4481 1346 4546 primo,
1359 4485 1389 4533 L.

488 4559 563 4626 ὐεΙ]
583 4566 614 4617 et,
631 4559 661 4609 T.
1040 4558 1266 4627 ⁸stultiplicetioae]
1319 4564 1507 4629 multiplicitate,

489 4642 585 4707 ‘suerit
606 4639 716 4705 densium]
742 4639 791 4688 fuit
812 4639 893 4689 rarius
914 4641 954 4689 vel
1007 4640 1037 4690 T.
