3586 5640
450 772 516 855 {338
827 801 956 851 nouam
979 798 1123 851 sacoma

284 989 393 1040 various
449 978 529 1042 dum
555 997 634 1042 vero
661 975 748 1060 quod
774 976 947 1041 translatio
974 976 1209 1042 Theodotionis
1238 976 1342 1064 magis
1371 996 1505 1042 concor-

284 1054 553 1185 {ffffi-’,ffdabat
591 1100 664 1143 curn
703 1077 932 1164 Septuaginta,
975 1084 1009 1142 et
1043 1078 1117 1143 ideo
1156 1078 1312 1165 Origenes
1360 1078 1507 1144 correxit

285 1202 359 1242 turea
451 1181 671 1267 Septuaginta
702 1202 760 1265 per
783 1180 1041 1245 Theodotionem
1073 1182 1178 1267 magis
1201 1203 1301 1267 quam
1330 1203 1390 1267 per
1420 1179 1507 1245 alias

452 1284 691 1362 translationes,
739 1288 774 1347 ct
816 1305 917 1369 prope
961 1304 1016 1348 eos
1053 1283 1151 1348 simul
1194 1285 1315 1370 posuit,
1352 1281 1507 1369 quamvis

451 1386 626 1452 translatio
666 1384 887 1471 Septuaginta
927 1385 1033 1470 prima
1073 1386 1147 1450 fnit.
1214 1385 1260 1450 Et
1300 1385 1508 1450 consideran·

454 1489 532 1553 dum
563 1488 651 1573 quod
682 1487 860 1573 Josephus¹
890 1487 972 1552 dicit
995 1509 1049 1552 eos
1080 1492 1212 1553 tentum
1238 1487 1383 1573 quinque
1404 1486 1508 1551 libros

456 1591 566 1676 Moysi
588 1589 801 1666 transtulisse,
825 1595 865 1654 ut
887 1594 980 1675 patet
1013 1590 1049 1653 in
1083 1591 1216 1677 prologo
1242 1591 1293 1654 sui
1319 1589 1402 1654 libri.
1458 1586 1507 1653 Et

457 1694 689 1779 Hieronymus,
720 1694 754 1756 in
785 1693 920 1779 prologo
958 1693 1185 1773 Quaestionum
1220 1714 1317 1781 super
1354 1691 1507 1768 Genesin,

454 1797 572 1861 recitat
587 1801 622 1860 et
644 1797 816 1861 confirmat
838 1796 897 1860 hos
919 1795 1019 1860 libros
1041 1796 1187 1882 quinque
1208 1796 1315 1883 magis
1336 1817 1411 1860 cum
1435 1793 1506 1860 He·

454 1897 545 1963 braeo
568 1897 779 1964 concordatas
801 1919 900 1983 quam
922 1901 1056 1964 caeteros
1078 1898 1180 1963 libros
1203 1899 1260 1983 qui
1276 1896 1505 1984 Septuaginta,

454 2000 690 2086 interpretibus
728 2000 945 2077 ascribuntur,
984 2005 1142 2086 tanquam
1180 2001 1221 2065 de
1258 2000 1324 2064 illis
1360 1999 1508 2085 quinque

454 2107 579 2167 certum
611 2103 656 2166 sit
685 2102 773 2187 quod
804 2104 939 2168 fuerunt
969 2102 1010 2167 de
1039 2103 1253 2168 translatione
1276 2101 1507 2189 Septuaginta,

453 2225 528 2270 cum
561 2204 697 2269 Hebraei
737 2210 938 2290 exponentes
967 2205 1070 2270 secuti
1104 2209 1184 2269 sunt
1215 2204 1392 2271 Hebraeam
1421 2203 1508 2268 veri·

453 2311 569 2370 tatem.
617 2305 683 2370 Sed
709 2328 784 2371 cum
809 2307 931 2372 dicitur
954 2307 990 2370 in
1020 2307 1094 2372 aliis
1118 2306 1212 2371 libris
1241 2328 1341 2393 quam
1363 2302 1507 2371 multum

454 2407 581 2470 distant
606 2407 649 2469 ab
674 2406 825 2485 Hebraeo,
849 2409 968 2473 falsum
992 2413 1052 2489 est,
1071 2409 1126 2474 vel
1146 2408 1280 2474 omnino
1302 2408 1441 2473 dubium
1463 2428 1509 2471 an

454 2507 674 2592 Septuaginta
696 2508 889 2594 interpretes
907 2532 962 2575 eoa
984 2511 1157 2591 ediderint,
1172 2512 1323 2598 quamvis
1337 2510 1384 2576 eis
1398 2515 1508 2575 mum

454 2607 703 2673 Testamentum
735 2610 840 2675 Vetus
866 2613 1055 2678 ascribatur.
1102 2613 1168 2678 Sed
1205 2613 1248 2678 ab
1285 2612 1359 2678 aliis
1395 2611 1509 2699 potuit

454 2708 552 2775 fuisse
567 2711 764 2776 translatum
786 2716 821 2777 et
836 2714 997 2791 additum,
1013 2720 1148 2802 propter
1170 2715 1257 2801 quod
1273 2714 1508 2800 Hieronymus,

453 2813 490 2877 in
527 2814 660 2902 prologo
697 2814 774 2879 libri
804 2817 855 2880 sui
890 2839 987 2903 super
1019 2817 1126 2898 Esaia,
1159 2817 1241 2883 dicit
1266 2816 1443 2904 Apostolos
1472 2819 1509 2881 et

455 2914 682 3002 Evangelistas
714 2939 753 2981 ea
778 2923 911 2983 tantum
942 2921 981 2984 do
1013 2919 1232 3006 Septuaginta
1261 2918 1506 3005 interpretibus,

454 3018 509 3082 vel
532 3019 600 3082 suis
624 3020 676 3084 vel
701 3041 812 3084 eorum
837 3022 954 3098 verbis,
979 3043 1098 3107 ponere
1125 3021 1314 3087 testimonia
1335 3043 1409 3106 quse
1432 3040 1508 3085 cum

456 3119 620 3185 Hebraico
650 3129 888 3202 consonarent3
920 3124 948 3187 si
978 3146 1052 3209 quse
1077 3129 1188 3188 autem
1219 3124 1262 3188 ab
1288 3123 1361 3187 aliis
1391 3121 1508 3186 addita

455 3228 533 3285 sunt
563 3225 696 3287 omnino
734 3225 909 3312 negligere.
972 3226 1017 3290 Et
1055 3248 1152 3312 super
1186 3225 1388 3291 Ezechielem
1426 3225 1509 3289 dicit

455 3325 543 3407 quod
564 3325 720 3405 Aristeas,
743 3334 778 3391 et
800 3327 971 3415 Josephus,
991 3334 1025 3392 et
1048 3330 1153 3394 omnis
1176 3329 1284 3393 schola
1305 3328 1329 3393 J
1331 3328 1511 3406 udaeorum,

456 3425 600 3510 quinque
639 3427 739 3491 libros
772 3429 879 3513 Moysi
917 3436 1050 3494 tantum
1085 3454 1105 3495 a
1144 3431 1364 3518 Septuaginta
1400 3435 1508 3494 trans-

455 3526 539 3590 latos
558 3550 625 3591 esse
649 3536 807 3595 asserunt.
856 3531 1032 3596 Sciendum
1056 3534 1156 3598 etiam
1180 3533 1265 3618 quod
1293 3533 1345 3597 hic
1367 3531 1508 3618 singulte

457 3629 617 3695 editiones
641 3631 772 3716 Aquilae
797 3645 829 3697 et
857 3635 1046 3718 Symmachi
1073 3636 1109 3698 in
1135 3633 1315 3721 Hexnplis⁹
1338 3635 1507 3699 continen-

456 3736 535 3812 tur;
566 3739 600 3797 et
626 3735 757 3819 utrique
785 3758 896 3799 eorum
921 3757 988 3800 una
1012 3738 1207 3802 attribuitur
1234 3738 1335 3802 editio
1361 3758 1435 3802 cum
1462 3736 1509 3799 lo-

458 3835 590 3919 quimur
628 3837 669 3901 de
714 3838 949 3924 principalibus
994 3848 1067 3903 octo
1113 3839 1395 3917 translationibus,
1434 3859 1509 3903 oum

457 3938 581 4022 Aquila
610 3937 723 4004 fecerit
753 3940 893 4026 primam
924 3946 959 4004 et
997 3941 1173 4006 secundam
1203 3941 1392 4019 editionem,
1424 3939 1511 4005 sicut

458 4038 683 4126 Hieronymus
720 4050 833 4107 narrat
871 4043 1012 4108 secundo
1051 4044 1135 4109 libro
1173 4065 1271 4129 super
1304 4040 1510 4108 daramium.⁸

458 4141 504 4205 Et
535 4143 753 4227 Symmachus
787 4146 940 4210 similiter
972 4147 1112 4232 primam
1144 4151 1179 4210 et
1209 4146 1393 4225 secundam,
1425 4143 1511 4209 mont

459 4242 683 4329 Hieronymus
707 4247 789 4311 dicit
811 4248 847 4310 in
870 4255 964 4313 sexto
987 4249 1071 4313 libro
1094 4270 1191 4334 super
1214 4245 1378 4312 eundem.⁴

458 4376 721 4389 *ιη-ῃ..-

493 4441 647 4510 ¹Josrphns]
668 4447 814 4512 Antiq.xil.
828 4457 851 4499 2.
1043 4450 1172 4517 ⁴carradam]
1199 4451 1253 4501 The
1280 4449 1336 4501 MS.
1366 4449 1434 4511 adds,
1464 4448 1509 4500 Se-

492 4521 649 4589 πΗειαρὶιέ]
670 4529 799 4590 excruplis,
819 4531 874 4580 MS.
1009 4532 1100 4595 quitur,
1150 4532 1203 4582 Nec
1239 4533 1304 4580 unde
1332 4544 1414 4580 sermo
1442 4528 1512 4593 prius

492 4601 657 4668 'daramium
678 4605 709 4653 ln
727 4622 780 4670 cap.
793 4624 818 4657 v.
832 4615 872 4659 22.
911 4609 958 4661 See
1009 4614 1072 4661 dico.

457 4679 509 4730 also
521 4688 578 4732 note
588 4682 620 4733 ib.
