3586 5640
442 801 501 888 ru]
860 818 1082 870 mruunrxn
1428 808 1493 873 533
1523 813 1527 820 '

440 992 567 1078 magico
597 996 742 1078 potestas
776 994 821 1057 sit
854 993 987 1059 inferior
1018 995 1070 1058 his
1102 994 1254 1081 operibus
1284 999 1318 1059 et
1350 995 1493 1080 indigno

441 1092 486 1158 Et
509 1095 615 1181 primo
637 1118 695 1181 per
729 1096 868 1182 figuram
892 1102 927 1161 et
948 1098 1113 1161 rationem
1137 1097 1237 1162 solius
1267 1097 1357 1161 artis.
1405 1097 1494 1161 Nam

438 1196 661 1263 instrumenta
697 1198 877 1284 navigandi
916 1204 1053 1286 possunt
1090 1199 1161 1263 fieri
1199 1200 1268 1264 sine
1306 1198 1495 1263 hominibus

439 1300 686 1386 remigantibus,
718 1305 759 1364 ut
792 1322 893 1365 noves
916 1301 1079 1378 maximae‚
1103 1301 1253 1366 fluviolos
1284 1306 1318 1365 et
1348 1301 1492 1379 marinae,

439 1401 588 1467 ferantur
613 1403 710 1468 unico
732 1403 864 1468 homine
886 1409 1030 1489 regente,
1057 1402 1175 1487 majori
1196 1402 1372 1468 velocitate
1395 1424 1495 1487 quom

440 1503 468 1567 si
491 1505 596 1589 plenae
627 1511 734 1571 essent
764 1505 960 1570 hominibus
1009 1505 1096 1570 Item
1119 1527 1233 1570 currus
1263 1509 1401 1591 possunt
1423 1503 1495 1569 fieri

440 1612 480 1671 ut
503 1607 573 1672 sine
607 1607 743 1673 animali
769 1613 967 1674 moveantur
993 1629 1068 1673 oum
1098 1607 1225 1695 impetu
1249 1607 1474 1672 inaestimobili
1486 1631 1495 1687 ;

439 1714 480 1774 ut
506 1710 712 1777 aestimamus
735 1733 849 1777 currus
872 1708 1005 1776 sslooti¹
1030 1710 1140 1791 frrisse,
1165 1710 1285 1796 quibus
1307 1711 1495 1796 antiquitus

440 1813 658 1899 pugnabatur.
710 1814 798 1880 Item
828 1819 966 1901 possunt
995 1814 1068 1879 fieri
1098 1814 1321 1879 instrumente
1349 1813 1494 1893 volandi,

441 1921 481 1981 ut
504 1916 601 1982 homo
634 1917 746 1984 sedeat
780 1918 817 1982 in
846 1918 954 1982 medio
985 1917 1201 1982 instrumenti
1232 1917 1405 1982 revolvens
1436 1916 1497 1980 sli-

442 2018 530 2104 quod
552 2019 731 2104 ingenium,
755 2041 814 2106 per
845 2019 935 2105 quod
966 2019 1027 2084 sloe
1059 2018 1276 2085 artificialiter
1307 2019 1496 2105 compositus

441 2127 550 2186 serem
584 2121 836 2202 verberentur}
866 2122 1000 2187 modum
1033 2122 1105 2187 ovis
1135 2122 1288 2188 volantis.
1335 2121 1422 2186 Item
1444 2121 1495 2186 in·

442 2227 672 2304 strumentum,
704 2245 845 2310 parvum
876 2224 912 2288 in
945 2224 1134 2309 quontitate
1165 2224 1209 2289 ud
1239 2224 1434 2290 elevandum
1462 2229 1497 2290 et

442 2325 693 2411 deprimendum
726 2325 871 2413 pondera
903 2327 997 2411 quasi
1019 2327 1161 2406 infinite,
1186 2347 1250 2413 quo
1273 2326 1359 2391 nihil
1379 2327 1496 2391 utilius

443 2433 494 2492 est
516 2428 553 2492 in
575 2450 659 2494 casu
706 2428 796 2493 Nam
822 2451 881 2515 per
902 2429 1160 2494 instrumentum
1183 2429 1372 2494 altitudinis
1393 2429 1496 2494 trium

444 2529 632 2616 digitorum,
656 2535 690 2596 et
720 2530 909 2595 latitudinis
939 2531 1135 2608 eorumdem,
1164 2536 1199 2596 et
1229 2532 1364 2596 minoris
1395 2551 1497 2616 qusn-

444 2632 562 2713 titstis,
594 2637 705 2719 posset
735 2633 834 2699 homo
864 2632 1007 2720 seipsum
1042 2639 1077 2698 et
1110 2633 1211 2699 socios
1243 2656 1318 2699 suos
1340 2634 1383 2698 sb
1406 2634 1498 2699 omni

442 2735 586 2820 periculo
626 2736 762 2801 osroeris
800 2735 934 2823 eripere,
973 2741 1008 2801 et
1045 2736 1182 2816 elevare,
1223 2741 1258 2801 et
1295 2736 1498 2802 descendere.

444 2836 561 2903 Posset
592 2838 693 2903 etiam
726 2838 767 2903 de
799 2837 888 2904 sooili
918 2838 990 2902 fieri
1023 2839 1285 2903 instrumentum
1316 2858 1382 2922 quo
1411 2858 1498 2903 unus

443 2940 541 3006 homo
573 2941 720 3006 traheret
743 2940 786 3004 od
823 2963 858 3006 se
891 2940 982 3004 mille
1015 2940 1163 3004 homines
1202 2961 1260 3026 per
1293 2939 1498 3020 violentiam,

444 3042 533 3106 malo
566 3064 679 3108 eorum
710 3041 908 3121 voluntate3
941 3045 977 3105 et
1008 3039 1054 3105 sio
1086 3042 1126 3105 de
1159 3042 1257 3106 rebus
1290 3042 1365 3106 aliis
1396 3047 1499 3107 attra-

444 3143 568 3209 hendis
632 3143 775 3208 Possunt
806 3142 907 3206 etism
944 3141 1167 3208 instrumento
1194 3143 1266 3208 fieri
1304 3144 1499 3210 ambulandi

445 3247 482 3311 in
505 3247 599 3326 mari,
615 3246 669 3311 vel
691 3245 895 3324 fluminibus,
911 3264 1016 3329 usque
1041 3245 1084 3309 od
1107 3244 1248 3311 fundum
1270 3246 1393 3333 absque
1415 3248 1499 3334 peri-

446 3349 520 3414 culo
542 3348 709 3434 corporali.
754 3346 843 3412 Nom
866 3346 1056 3412 Alexander
1085 3369 1223 3434 magnus
1249 3348 1301 3414 his
1330 3371 1409 3416 usus
1439 3355 1498 3429 est,
1561 3411 1564 3418 .

446 3455 486 3516 ut
509 3456 632 3516 secreta
659 3450 757 3515 meris
778 3450 916 3530 videret,
939 3451 1117 3516 seeundum
1147 3453 1236 3537 quod
1258 3452 1396 3519 Ethious
1425 3475 1501 3519 ner·

446 3559 500 3618 rot
526 3557 740 3618 astronomus
785 3551 868 3619 Haeo
890 3558 1002 3617 autem
1028 3553 1117 3640 fecte
1146 3559 1225 3618 sunt
1247 3555 1441 3640 antiquitus,
1465 3561 1500 3621 et

447 3654 568 3721 nostris
591 3655 796 3742 temporibus
817 3655 906 3721 teoto
928 3659 1017 3735 sunt,
1041 3660 1082 3720 ut
1103 3660 1229 3720 eertum
1252 3662 1322 3737 est3
1352 3657 1417 3721 nisi
1439 3654 1500 3722 sit²

446 3758 704 3823 instrumentum
734 3757 882 3838 volendi,
907 3757 996 3843 quod
1027 3778 1096 3823 non
1128 3758 1208 3839 vidi,
1243 3779 1303 3823 neo
1334 3758 1501 3824 hominem

447 3861 505 3946 qui
528 3859 666 3924 vidisset
688 3860 826 3946 cognovi
837 3880 847 3940 3
877 3859 933 3924 sed
956 3859 1137 3945 sapientem
1161 3860 1219 3945 qui
1241 3860 1302 3926 hoo
1324 3861 1502 3927 artificium

447 3963 652 4050 excogitavit
684 3961 816 4048 explere
848 3981 1013 4049 eognosoo.
1068 3961 1115 4026 Et
1136 3962 1270 4028 infinita
1301 3964 1394 4050 qussi
1420 3965 1502 4029 tolio

447 4065 520 4131 fieri
542 4069 703 4153 possunt;
734 4069 775 4128 ut
799 4070 917 4150 pontes
945 4064 1034 4129 ultro
1065 4063 1204 4130 flumine
1236 4066 1307 4131 sine
1339 4066 1499 4146 columns,

447 4167 502 4234 vel
533 4167 643 4255 aliquo
676 4165 910 4246 sustentaculo,
933 4171 968 4232 et
998 4166 1266 4249 machinationes,
1301 4174 1335 4234 et
1369 4170 1503 4256 ingenio

447 4270 605 4337 inaudito

452 4493 612 4501 m*—

482 4669 603 4739 ¹sazcas]
623 4670 737 4736 sulcares,
748 4671 805 4725 ΜΒ.
972 4669 977 4739 Ι
1024 4671 1094 4722 'nter'
1106 4670 1152 4740 eis]
1171 4679 1269 4738 praeter,
1286 4672 1319 4726 Hs
