3586 5640
307 802 420 894 xxm]
698 824 785 874 orus
808 826 967 876 rucuma
1311 822 1354 884 88

305 993 437 1079 atejus
472 997 600 1061 auctori
635 998 715 1065 Deo.
772 999 817 1064 Et
853 1001 943 1084 quod
979 1001 1193 1087 philosophiae
1226 1002 1357 1069 utilitas

305 1096 381 1160 sciri
415 1119 485 1162 non
520 1103 636 1185 petest,
668 1122 729 1166 nec
767 1101 921 1187 intelligi,
960 1103 1024 1168 nisi
1058 1110 1157 1191 prout
1194 1105 1230 1170 in
1266 1128 1357 1172 sacro

305 1220 367 1262 usu
393 1200 626 1266 consideratur.
687 1202 777 1267 Nam
802 1208 962 1270 creaturae
991 1205 1101 1270 verius
1131 1206 1248 1292 positae
1278 1212 1358 1274 sunt

305 1301 341 1365 in
357 1301 530 1389 Scriptura
553 1325 652 1390 quam
674 1304 858 1391 philosophi
882 1306 1033 1372 infideles
1052 1308 1176 1373 scirent
1200 1310 1342 1396 cogitare
1349 1332 1357 1388 ;

305 1404 390 1468 siout
426 1407 529 1492 probo
566 1428 625 1493 per
661 1407 849 1493 exemplum
887 1409 927 1474 de
958 1409 1056 1487 Iride,
1097 1411 1189 1496 cujus
1226 1433 1358 1476 causam

304 1506 437 1572 finalem
459 1508 719 1594 ignoraverunt3
753 1531 828 1595 quae
852 1515 902 1575 est
927 1511 1100 1597 dissipatio
1121 1533 1217 1597 aquae
1248 1514 1357 1579 humi·

304 1608 422 1674 ditatis
452 1616 487 1676 et
517 1610 727 1689 diluviorum,
766 1616 807 1676 ut
844 1612 927 1677 liber
965 1613 1129 1680 Genescos
1158 1615 1261 1680 docet.
1308 1615 1354 1681 Et

305 1723 438 1797 propter
479 1712 542 1780 hoo
578 1715 817 1800 ignoraverunt
861 1717 1108 1800 generationem
1153 1717 1232 1801 ejus,
1278 1718 1358 1803 quia

304 1813 456 1898 ignorate
485 1816 551 1880 fine
580 1837 710 1881 naceese
736 1821 787 1882 ast
812 1815 958 1902 ignorari
983 1819 1050 1904 alia
1062 1843 1072 1899 3
1102 1819 1182 1903 quia
1207 1818 1284 1884 finis
1307 1825 1359 1886 est

305 1917 394 2000 quod
420 1918 527 2004 primo
549 1917 765 2005 cognoscitur,
788 1923 824 1984 et
846 1925 959 1984 movet
981 1925 1063 1986 tunc
1085 1942 1186 2006 agens
1206 1920 1243 1986 in
1266 1922 1357 1987 omni

306 2038 400 2104 opere
430 2025 466 2085 et
495 2021 765 2086 consideratione.
842 2021 934 2086 Deus
964 2022 1052 2086 enim
1083 2021 1162 2089 fecit
1192 2028 1358 2090 creaturae

305 2142 380 2185 suas
409 2126 445 2187 et
473 2123 510 2187 in
533 2122 706 2209 Scriptura
736 2144 795 2187 sua
824 2123 936 2209 posuit
969 2146 1033 2204 eas,
1064 2128 1100 2189 et
1128 2124 1202 2190 ideo
1233 2126 1358 2212 accepit

305 2244 368 2302 eas,
393 2225 571 2289 secundum
598 2245 729 2291 omnem
766 2226 952 2303 veritatem,
976 2248 1076 2312 quam
1107 2227 1283 2292 veritatem
1307 2227 1358 2293 ni·

305 2324 391 2390 titur
419 2326 625 2413 philosophia
654 2327 840 2393 infidelium
867 2349 1040 2414 exponere.
1095 2327 1162 2393 Sed
1186 2329 1266 2414 quia
1289 2350 1358 2395 non

306 2427 494 2494 habuerunt
523 2451 619 2495 usum
649 2430 744 2494 istius
767 2429 947 2516 Scriptmae
976 2430 1051 2495 ideo
1080 2451 1149 2495 non
1176 2434 1358 2515 potuerunt

307 2532 440 2595 omnino
466 2532 578 2596 venire
600 2531 644 2596 ad
670 2531 905 2596 certitudinem
928 2532 1089 2597 veritatis
1135 2532 1181 2596 Et
1203 2533 1277 2598 ideo
1300 2533 1358 2618 qui
1418 2565 1421 2571 ·

306 2631 381 2696 vult
410 2634 491 2698 scire
520 2632 767 2720 philosophiam,
799 2633 881 2699 sciat
910 2655 984 2698 eam
1014 2638 1052 2698 in
1080 2654 1144 2699 usu
1166 2633 1357 2720 Scripturae,

306 2738 340 2798 et
359 2735 537 2801 secundum
561 2735 650 2820 quod
672 2734 843 2820 Scriptura
864 2735 1014 2821 requirit,
1037 2739 1072 2801 et
1096 2741 1178 2801 tunc
1200 2737 1359 2802 veraciter
1434 2779 1437 2782 <

305 2841 415 2921 potest
444 2859 518 2902 eam
547 2838 636 2904 scire.
694 2836 739 2901 Et
769 2837 815 2901 sio
844 2841 979 2923 paratus
1009 2858 1082 2901 sum
1111 2842 1254 2903 tractare
1284 2861 1358 2903 eam

305 2939 431 3006 meliori
467 2939 564 3004 modo
594 2958 660 3025 quc
689 2959 822 3024 possum
851 2960 910 3024 per
939 2938 1144 3023 adjutorium
1173 2940 1359 3023 sapientum

306 3062 386 3126 quos
408 3040 594 3118 nominabo,
618 3044 656 3105 et.
688 3040 868 3105 secundum
898 3040 988 3125 quod
1023 3038 1193 3125 erquicabe
1222 3039 1360 3106 inferius

306 3165 365 3207 suo
388 3143 467 3208 loco.
512 3142 559 3208 Et
584 3142 646 3207 hoc
669 3147 721 3207 cst
747 3142 863 3206 melius
893 3142 963 3206 sine
990 3142 1233 3228 comparatione
1260 3163 1360 3227 quam

305 3244 410 3310 facere
440 3245 609 3312 volumina
639 3244 854 3331 philosophice
896 3243 1076 3309 secundum
1106 3265 1150 3323 se,
1181 3249 1216 3309 et
1246 3249 1361 3331 postea

307 3347 428 3412 iterum
465 3347 603 3413 dilatare
651 3347 891 3434 expositionem
937 3346 1116 3434 Scripturae
1154 3368 1212 3434 per
1257 3347 1361 3433 philo·

307 3450 462 3535 sophiam.
530 3449 609 3516 Non
645 3453 759 3514 tamen
796 3470 880 3536 nego
918 3451 1001 3536 quin
1038 3450 1172 3536 aliquod
1203 3450 1361 3535 scriptum

306 3551 519 3638 philosophice
550 3551 590 3616 de
620 3548 819 3637 quibusdam
848 3552 1076 3618 communibus
1118 3552 1237 3617 debeat
1277 3551 1359 3630 fieri,

308 3676 382 3738 quae
396 3676 466 3720 non
488 3658 626 3740 possunt
647 3653 726 3740 poni
747 3654 783 3717 in
806 3654 1037 3739 explanatione
1060 3652 1248 3739 Scriptum.
1295 3652 1362 3717 Sed
1383 3682 1398 3693 ·

307 3760 421 3820 tamen
461 3755 521 3821 illa
561 3755 685 3821 debent
730 3755 897 3841 anteponi,
936 3759 976 3820 ut
1018 3758 1131 3819 totum
1157 3755 1218 3818 fiat
1255 3774 1361 3817 unum

306 3857 471 3924 volumen
541 3857 587 3922 Et
616 3858 698 3922 satis
728 3857 894 3923 modicum
927 3856 992 3921 erit
1020 3859 1172 3942 respectu
1201 3853 1361 3920 librorum

307 3959 521 4047 philosophiae
551 3964 587 4025 et
613 3958 807 4046 theologiae3
844 3959 946 4023 immo
968 3958 1054 4023 nihil
1075 3961 1225 4043 respectu
1248 3977 1362 4021 eorum

309 4063 433 4128 habens
457 4061 663 4148 quantitatis.
721 4062 767 4126 Et
791 4061 838 4127 sic
862 4061 968 4125 omnis
993 4059 1204 4148 superfluitas
1228 4058 1363 4124 infinita

307 4186 382 4251 quae
412 4186 500 4230 nunc
530 4170 581 4229 est
610 4164 818 4241 resecabitur,
848 4169 883 4228 et
921 4164 1028 4229 omnis
1057 4163 1185 4228 falsitas
1214 4161 1361 4238 tolletur,

307 4273 342 4331 et
382 4269 488 4332 omnis
525 4269 659 4332 vanitas
696 4267 911 4347 excludetur3
957 4272 992 4331 ct
1029 4267 1140 4331 omnia
1183 4264 1363 4330 necessaria

308 4369 479 4456 sapientire
516 4369 640 4434 divinae
679 4373 714 4433 et
745 4368 908 4445 humanae,
941 4389 1079 4454 quorum
1105 4368 1239 4432 infinita
1268 4365 1363 4453 quasi

306 4493 395 4536 nunc
421 4472 550 4552 desunt,
573 4470 746 4549 addentur,
770 4476 805 4534 et
828 4470 995 4556 redigetur
1020 4467 1168 4536 studium
1190 4468 1361 4557 sapientiae

305 4574 350 4639 ad
379 4579 506 4640 statum
531 4574 694 4654 debitum,
727 4573 907 4644 secundum
937 4573 1035 4640 istius
1073 4573 1230 4660 temperis
1260 4571 1361 4660 possi·

308 4677 485 4743 tilitatem.

1103 4733 1230 4840 ¹rt
