3586 5640
460 779 524 846 als
841 792 970 842 nocam
993 792 1140 843 rsscours

459 965 558 1030 nibus
581 963 727 1029 recitatis
750 964 786 1027 in
802 964 1017 1050 originalibus
1041 972 1237 1043 sanctorum,
1261 968 1319 1033 sed
1334 990 1354 1032 a
1368 968 1392 1033 J
1394 968 1515 1058 osepho

460 1067 496 1131 in
518 1067 767 1150 Antiquitatum
805 1065 908 1147 libris,
933 1068 990 1152 qui
1024 1069 1162 1155 exponit
1191 1073 1331 1150 textum,
1363 1076 1398 1136 et
1419 1073 1517 1157 pouit

460 1193 591 1236 sensum
614 1170 760 1235 historiae
776 1191 884 1251 sacrae,
908 1176 943 1236 et
965 1176 1076 1236 mutat
1100 1173 1199 1238 verba
1213 1173 1299 1240 sieut
1326 1176 1356 1240 ei
1378 1176 1514 1261 placuit

461 1273 561 1339 Unde
596 1273 744 1339 moderni
778 1273 949 1359 corrigunt
978 1275 1091 1352 multa,
1117 1282 1151 1340 et
1171 1280 1304 1341 mutant
1327 1298 1386 1362 per
1416 1300 1514 1359 eum3

459 1398 533 1441 cum
549 1381 660 1440 tamen
687 1376 747 1439 hoc
772 1396 838 1439 non
860 1376 973 1440 deceat
995 1376 1067 1441 fieri
1088 1377 1273 1462 aliquando,
1297 1379 1362 1443 nisi
1384 1379 1513 1445 inveni-

459 1483 551 1543 retur
583 1478 619 1542 in
651 1477 768 1541 Bibliis
800 1477 952 1562 antiquis.
1000 1478 1129 1543 Deinde
1159 1479 1202 1544 ab
1235 1478 1340 1545 officio
1370 1480 1514 1548 ecclesiae

459 1580 566 1644 multa
595 1578 763 1665 accipiunt
796 1583 831 1643 et
868 1584 998 1664 ponunt
1031 1580 1068 1643 in
1097 1585 1203 1645 textu.
1265 1581 1332 1647 Sed
1369 1581 1418 1646 illi
1454 1584 1513 1667 qui

458 1685 650 1746 statuerunt
674 1679 824 1755 officium,
849 1680 954 1745 multa
984 1686 1207 1758 mutaverunt,
1241 1687 1280 1747 ut
1303 1683 1513 1769 competebat

458 1782 562 1848 officio
600 1788 733 1869 propter
764 1780 967 1847 intellectum
1003 1782 1193 1868 planiorem,
1224 1783 1267 1849 ad
1301 1784 1511 1850 devotionem

458 1883 675 1951 excitandam.
722 1882 769 1947 Et
799 1882 933 1948 ecclesia
956 1884 1106 1949 Romana
1136 1884 1238 1950 habet
1268 1886 1310 1951 ad
1337 1886 1398 1951 hoc
1435 1908 1512 1952 auc·

458 1986 639 2061 toritatem,
663 1990 699 2050 et
720 1990 848 2050 catera
882 2007 940 2071 per
973 2007 1055 2050 eam.
1114 1985 1169 2050 Ex
1199 1985 1250 2051 his
1279 1985 1385 2072 igitur
1406 1990 1512 2055 musis

457 2110 570 2154 omnes
593 2087 708 2153 dicunt
724 2087 831 2151 varias
857 2108 925 2152 esse
952 2087 1064 2152 literas
1084 2087 1121 2152 in
1143 2092 1247 2153 textu.
1292 2088 1381 2153 Nam
1396 2090 1512 2157 dicunt

457 2211 584 2276 sempor
608 2188 697 2273 quod
719 2188 785 2253 alia
806 2188 856 2253 ita
876 2193 934 2254 est.
980 2187 1026 2253 Et
1048 2190 1270 2276 multiplicant
1292 2190 1373 2255 istas
1398 2191 1512 2258 literas

456 2294 493 2357 in
515 2291 605 2357 omni
620 2291 728 2356 verbo
775 2292 820 2356 Et
844 2290 890 2356 sic
912 2312 946 2355 so
973 2297 1142 2369 excusant,
1160 2292 1239 2376 quia
1262 2314 1331 2357 una
1344 2294 1511 2358 sententia

455 2394 606 2479 pluribus
636 2392 842 2456 sermonibus
879 2392 1092 2478 exprimatur.
1139 2392 1211 2459 Nee
1248 2393 1368 2459 volunt
1401 2395 1510 2462 dicere

456 2496 544 2581 quod
567 2499 645 2558 sunt
659 2494 733 2559 aliae
752 2493 994 2574 translationes,
1012 2495 1091 2580 quia
1105 2518 1207 2560 unam
1229 2496 1348 2561 volunt
1362 2498 1511 2563 confiteri

455 2596 647 2683 simplicem,
670 2595 769 2660 aliam
807 2595 1045 2681 compositam3
1084 2602 1119 2662 et
1149 2619 1253 2661 unum
1284 2602 1416 2662 textum
1439 2620 1509 2665 esse

456 2698 638 2785 vulgatum,
656 2696 735 2782 quia
760 2695 859 2760 nimis
885 2696 1155 2776 scandalizarent,
1177 2698 1266 2784 quod
1287 2720 1373 2764 unus
1395 2705 1511 2766 textus

455 2802 490 2865 in
522 2820 589 2865 uno
619 2799 789 2865 volumine
819 2798 956 2864 haberet
993 2799 1139 2865 diversas
1176 2799 1417 2867 translationes
1463 2803 1511 2869 Et

454 2904 529 2969 ideo
561 2903 678 2968 dicunt
708 2902 796 2987 quod
826 2900 973 2986 ejusdem
1004 2902 1234 2968 translationes
1269 2903 1407 2969 diversae
1429 2910 1510 2970 sunt

445 3008 566 3072 'literar
627 3005 673 3070 Et
694 3026 761 3069 non
790 3007 949 3089 reputant
971 3003 1032 3068 hoc
1062 3025 1131 3069 esse
1157 3026 1215 3090 per
1244 3026 1394 3069 errorem.
1441 3005 1507 3072 Sed

453 3132 620 3194 nunquam
645 3106 773 3183 accidit,
798 3106 887 3191 quod
914 3126 998 3170 unus
1021 3106 1199 3171 translator
1221 3107 1257 3170 in
1279 3107 1509 3174 transferendo

453 3212 599 3296 posuerit
621 3211 657 3273 in
683 3214 781 3273 textu
808 3208 922 3273 codem
945 3228 1109 3272 sermones
1136 3210 1281 3273 diversos
1305 3231 1363 3295 pro
1393 3211 1508 3275 eadem

452 3311 626 3377 sententia
680 3310 769 3373 Nam
800 3310 836 3373 in
858 3309 1066 3395 philosophia
1096 3331 1156 3374 nec
1192 3311 1272 3374 alibi
1299 3316 1409 3396 potest
1446 3312 1508 3377 hoc

453 3414 532 3478 fieri.
579 3411 765 3476 Translatio
796 3412 884 3475 enim
910 3410 1066 3495 qualibet
1091 3412 1190 3476 debet
1204 3411 1325 3478 habere
1348 3435 1408 3478 sua
1434 3436 1508 3500 pro-

452 3516 525 3601 pria
562 3515 670 3592 verba,
706 3513 762 3577 sed
801 3512 1029 3578 diversimode>
1063 3513 1187 3579 habeut
1225 3514 1358 3580 diversa
1394 3517 1505 3581 verba.

454 3619 553 3684 Unde
569 3618 642 3683 istae
658 3616 762 3682 literae
778 3615 918 3680 diversae
934 3636 1016 3699 quas
1038 3615 1193 3701 allegant,
1210 3622 1289 3680 sunt
1304 3616 1345 3681 de
1368 3616 1507 3684 diversis

453 3719 732 3799 translationibus,
772 3738 852 3803 quas
891 3717 996 3783 sancti
1036 3718 1177 3783 recitant
1210 3719 1246 3782 in
1284 3720 1506 3806 originalibus,

452 3850 552 3913 quam
574 3826 598 3890 J
600 3825 739 3910 osephus
763 3823 889 3899 recitat,
917 3828 951 3888 et
981 3822 1114 3888 ecclesia
1138 3828 1348 3902 transmutat,
1373 3830 1408 3890 et
1430 3825 1506 3892 idco

451 3928 570 3995 sucidit
596 3927 761 4013 corruptio
780 3925 922 3989 infinita.
970 3924 1023 3989 Ex
1043 3947 1108 4010 quo
1132 3932 1302 4012 peccatum
1332 3928 1502 3994 infinitum

451 4032 487 4095 in
506 4031 618 4096 studio
637 4027 824 4116 pullulavit.
872 4025 1097 4112 Hieronymus
1117 4028 1217 4093 etiam
1238 4049 1334 4114 super
1350 4028 1502 4109 Genesin,

451 4139 486 4198 et
509 4156 606 4219 super
633 4130 838 4209 Psalterium,
863 4129 955 4194 etin
977 4129 1092 4194 multis
1115 4130 1202 4208 locis,
1218 4131 1370 4217 esposuit
1393 4136 1501 4198 trans-

450 4236 606 4300 lationem
631 4234 850 4319 Septuaginta
872 4232 1101 4318 interpretum,
1117 4254 1217 4318 quam
1232 4240 1329 4299 vocat
1344 4239 1501 4315 nostram,

451 4337 530 4423 quia
559 4341 640 4401 tunc
671 4357 784 4399 omnes
818 4335 957 4399 ecclesiae
987 4356 1055 4400 usae
1084 4345 1163 4401 sunt
1193 4334 1258 4400 illa
1304 4335 1382 4400 Non
1412 4336 1499 4401 enim

451 4437 666 4504 transtulerat
690 4441 768 4501 tunc
800 4458 843 4501 ex
876 4436 1029 4515 Hebraeo
1058 4458 1117 4501 nec
1148 4436 1249 4501 ctiam
1271 4442 1419 4523 tempore
1441 4460 1501 4503 suo

449 4542 513 4606 fuit
536 4540 606 4625 ejus
629 4538 803 4602 translatio
836 4544 966 4624 recepta
996 4539 1220 4604 communiter.
1268 4538 1313 4604 Et
1339 4538 1413 4604 ideo
1436 4540 1501 4605 viri

448 4641 604 4709 aestimati
634 4639 730 4704 valde
764 4640 877 4724 magni
911 4646 945 4706 ct
968 4641 1106 4705 maximi
1129 4641 1253 4722 dicunt,
1285 4641 1372 4726 quod
1403 4641 1500 4707 litera
