3586 5640
310 838 375 924 xr]
716 849 894 902 urrunnu
917 850 941 902 1.
1294 837 1353 899 551

308 1027 437 1106 assatio,
470 1028 797 1105 donecincerentur3
827 1027 889 1092 hoc
913 1030 963 1091 est
987 1031 1025 1091 ut
1049 1025 1209 1092 uniantur
1236 1033 1355 1113 partes,

307 1129 393 1195 sicut
426 1132 463 1194 in
505 1152 586 1195 cera
649 1130 694 1194 Et
731 1129 861 1216 signum
907 1129 1119 1194 incerationis
1167 1135 1225 1209 est,
1268 1130 1356 1215 quod

306 1232 468 1297 medicina
490 1232 640 1318 liquescit
663 1253 761 1318 super
787 1231 909 1295 ferrum
936 1231 1033 1296 valde
1048 1231 1215 1317 ignitum3
1240 1231 1357 1296 deinde

307 1337 448 1420 ponatur
470 1333 507 1400 in
529 1333 643 1399 eadem
667 1355 753 1420 aqua
775 1333 812 1398 in
836 1333 906 1399 loco
930 1330 1035 1398 calido
1059 1340 1093 1398 et
1123 1333 1267 1411 humido,
1299 1338 1359 1400 aut

307 1435 511 1521 supendatur
533 1435 569 1500 in
583 1457 704 1522 vapore
727 1456 886 1520 aquarum
901 1434 998 1501 valde
1021 1435 1218 1516 calidarum3
1241 1435 1358 1501 deinde

307 1536 539 1616 dissolvantur,
564 1543 599 1604 et
632 1538 845 1623 congelentur
868 1538 911 1603 ad
934 1539 1042 1604 solem.
1105 1538 1193 1602 Dein
1222 1538 1358 1623 accipies

305 1640 355 1704 sal
376 1645 486 1725 petrae,
515 1645 549 1706 et
580 1646 753 1727 argentum
773 1641 889 1704 vivum
920 1645 1090 1705 convertes
1114 1641 1149 1703 in
1176 1639 1357 1726 plumbum,

308 1746 342 1806 et
366 1741 486 1807 iterum
513 1741 686 1829 plumbum
710 1763 748 1806 eo
771 1739 899 1806 lavabis
923 1746 957 1807 et
980 1741 1218 1820 mundificabis
1250 1747 1290 1806 ut
1312 1743 1357 1807 sit

305 1844 455 1930 proxima
481 1849 625 1932 argento,
650 1847 684 1910 et
701 1848 781 1909 tunc
804 1865 938 1930 operare
961 1848 1000 1909 ut
1022 1844 1121 1930 prius.
1167 1843 1254 1909 Item
1278 1866 1358 1930 pon-

306 1945 367 2010 dus
401 1949 511 2012 totum
550 1944 594 2013 sit
628 1949 680 2012 30.
742 1944 808 2012 Sed
846 1949 959 2027 tamen
996 1945 1045 2010 sal
1082 1949 1184 2033 petrae
1223 1944 1355 2012 LURU

306 2046 427 2115 VOPO
462 2047 546 2113 VIR
579 2047 674 2114 CAN
697 2045 888 2113 VTRIET¹
914 2042 1081 2133 sulphuris
1093 2073 1101 2128 3
1125 2052 1159 2113 et
1181 2047 1227 2113 sic
1256 2048 1354 2115 facies

304 2151 490 2216 tonitruum
513 2155 548 2215 et
570 2149 838 2228 coruscationem,
855 2147 883 2213 si
907 2149 989 2246 scias
1004 2148 1189 2214 artificium.
1235 2150 1356 2218 Videas

306 2255 417 2316 tamen
439 2258 553 2316 utrum
576 2253 693 2338 loquar
722 2252 898 2337 aenigmate
936 2256 995 2317 aut
1025 2253 1204 2318 secundum
1234 2253 1356 2318 verita-

304 2358 381 2418 tem.
443 2354 488 2419 Et
510 2354 614 2440 aliqui
651 2353 900 2420 aestimaverunt
938 2353 1042 2418 aliter.
1103 2354 1192 2418 Nam
1229 2355 1356 2419 dictum

304 2460 355 2519 est
388 2455 470 2519 mihi
501 2456 589 2540 quod
628 2456 745 2521 debeas
783 2455 944 2521 resolvere
975 2456 1087 2520 omnia
1116 2457 1159 2520 ad
1182 2458 1355 2523 materiam

304 2557 452 2644 primam,
478 2557 519 2623 de
552 2580 617 2644 qua
639 2557 740 2624 babes
761 2556 814 2622 bis
835 2558 878 2622 ab
915 2557 1093 2624 Aristotele
1116 2559 1152 2622 in
1181 2558 1260 2624 locis
1282 2561 1355 2626 vul-

303 2659 389 2746 gatis
411 2665 445 2726 et
475 2659 631 2726 famosis:
655 2664 788 2747 propter
811 2660 899 2746 quod
929 2663 1029 2727 taceo.
1090 2659 1136 2725 Et
1158 2683 1233 2726 cum
1255 2663 1355 2728 istam

304 2762 465 2841 habueris,
505 2768 584 2828 tunc
622 2762 758 2828 habebis
795 2784 879 2849 pura
923 2761 1086 2829 elementa
1124 2762 1286 2851 simplicia
1321 2772 1354 2832 et

303 2865 465 2951 aequalia3
503 2869 537 2932 et
560 2866 622 2931 hoc
651 2865 749 2930 facies
787 2885 845 2950 per
872 2885 922 2928 res
956 2865 1136 2930 contrarias
1174 2871 1209 2931 et
1245 2868 1354 2933 varias

304 2967 517 3054 operationes,
542 2989 623 3053 quae
646 2966 737 3052 prius
772 2965 890 3029 vocavi
922 2964 1029 3030 claves
1063 2966 1151 3030 artis.
1210 2966 1256 3031 Et
1279 2969 1355 3034 Ari-

305 3069 421 3135 toteles
463 3068 552 3146 dicit,
593 3068 680 3152 quod
722 3065 895 3150 aequalitas
936 3066 1162 3152 potentiarum
1208 3070 1355 3137 excludit

304 3172 476 3249 actionem,
493 3175 528 3234 et
552 3169 736 3255 passionem
759 3173 794 3232 et
816 3167 1065 3254 corruptionem.
1114 3168 1160 3234 Et
1187 3169 1249 3234 hoc
1275 3172 1355 3239 dicit

304 3272 467 3338 Avcrroes
497 3270 702 3357 reprobando
727 3268 909 3336 Galicnum.
979 3269 1027 3336 Et
1065 3269 1134 3337 haec
1172 3271 1356 3341 aestimatur

305 3373 482 3461 simplicior
506 3373 670 3438 medicina
701 3394 775 3460 quae
797 3372 934 3460 reperiri
967 3378 1085 3460 potest,
1110 3379 1144 3440 et
1167 3375 1298 3461 purior3
1322 3384 1355 3444 et

282 3476 374 3543 'haec
396 3475 487 3541 valet
509 3479 624 3542 contra
657 3473 770 3551 febres,
805 3478 840 3539 et
872 3473 1038 3561 passiones
1070 3476 1182 3558 animi,
1215 3483 1249 3544 et
1288 3502 1356 3546 cor-

304 3578 398 3666 poris.

348 3678 455 3746 Vale?

350 3782 394 3850 Et
417 3781 602 3871 quicrmque
624 3781 695 3848 haec
732 3781 933 3859 reseraverit,
966 3780 1103 3848 habebit
1132 3783 1258 3848 clavem
1281 3807 1355 3871 quae

304 3886 417 3974 aperit,
457 3890 491 3951 ct
534 3905 632 3950 nemo
670 3883 816 3951 claudit:
859 3888 894 3949 et
932 3906 1035 3971 quum
1073 3883 1227 3952 clauserit
1260 3908 1355 3956 nemo

303 3991 438 4079 aperiet.

305 4190 486 4281 Explicuit
524 4189 679 4278 Epistola
709 4187 857 4257 Baeone's
894 4189 936 4258 cle
975 4190 1107 4260 semotis
1145 4199 1283 4261 carcre
1327 4202 1357 4263 et

394 4293 490 4374 artie,
531 4299 560 4360 el
598 4292 639 4360 ele
677 4291 841 4360 nullitate
878 4288 1026 4382 meylem,
1066 4293 1113 4363 ad
1144 4295 1357 4366 Galielcuem

392 4394 630 4464 Pentelensem
660 4392 855 4484 coempto,

338 4597 443 4649 ¹Luru.
463 4635 470 4647 .
489 4597 592 4663 atria]
613 4601 652 4645 KB
664 4601 705 4644 ΚΑ
716 4596 807 4662 *hopes
883 4597 1019 4664 'corporea
1052 4595 1127 4671 Vae]
1146 4598 1258 4666 corporis
1275 4599 1355 4661 valde,

303 4679 408 4745 pacm
419 4682 464 4733 el'.
475 4677 517 4730 vel
527 4675 723 4738 Pnossslst,
735 4676 791 4728 MS.
851 4675 905 4730 ulli·
