3586 5640
596 765 660 830 456
945 771 1097 830 ¹noenu
1120 768 1265 821 nicosrs
1557 755 1649 843 [cnr.

594 951 685 1036 apud
706 953 820 1036 poetas
843 947 1048 1014 Clnistianos
1070 945 1150 1026 sive,
1166 950 1205 1011 ut
1227 945 1344 1011 melius
1365 945 1481 1023 dicann
1497 949 1649 1011 auctores

595 1051 810 1131 doctissimos,
849 1048 1032 1135 cujusmodi
1068 1054 1147 1113 sunt
1184 1046 1346 1128 Sedulius,
1381 1052 1416 1114 et
1438 1046 1584 1135 Prosper,
1613 1053 1650 1113 et

596 1154 727 1231 Arator,
751 1158 786 1218 et
808 1152 985 1229 Juvcncus,
1010 1155 1045 1216 ot
1074 1149 1131 1215 alii
1168 1171 1281 1216 omncs
1310 1170 1393 1237 quos
1414 1149 1577 1237 approbat
1598 1171 1650 1215 ec·

596 1255 702 1335 alesia,
733 1261 768 1320 et
805 1254 925 1319 summi
962 1251 1141 1340 pontifices,
1179 1251 1264 1317 sicut
1301 1256 1395 1339 patet
1431 1252 1468 1316 in
1505 1251 1650 1339 prologis

596 1357 714 1422 horum
745 1355 913 1434 librorum,
950 1361 984 1420 st
1016 1352 1250 1440 Hieronymus,
1274 1358 1309 1419 et
1338 1352 1439 1432 Beda,
1470 1358 1506 1418 et
1536 1375 1649 1420 omnes

596 1457 728 1543 antiqui
750 1457 922 1544 sapientes.
969 1455 1139 1522 Juveneus
1161 1447 1274 1542 igitur,
1289 1455 1347 1539 qui
1369 1455 1494 1541 primus
1516 1454 1590 1534 fuit,
1614 1462 1650 1521 et

597 1560 810 1627 metrificavit
833 1558 1033 1625 Matthaeum
1056 1557 1273 1645 evangelium,
1297 1556 1343 1623 sic
1365 1557 1447 1623 dicit
1470 1557 1507 1644 [i.
1523 1556 1616 1643 83.]:

667 1724 813 1791 “Officio
836 1725 1053 1810 amissamque
1075 1724 1189 1790 levant
1211 1723 1370 1811 promissa
1391 1722 1583 1810 loquelam.”

599 1891 666 1958 Hic
688 1892 838 1957 aufertur
869 1890 988 1956 rrltima
1009 1889 1145 1977 syllaba,
1169 1889 1292 1956 scilieet
1317 1910 1345 1968 0,
1368 1895 1409 1956 ut
1431 1889 1528 1977 Offioa'
1541 1891 1650 1958 amla-

598 2015 684 2071 cam,
716 2001 751 2060 et
773 2000 914 2073 caetera3
954 2014 1013 2059 nec
1036 1998 1144 2079 potest
1166 1992 1240 2079 plus
1270 1990 1391 2056 auferri
1413 1992 1483 2057 sine
1505 1993 1652 2060 falsitate

598 2118 720 2163 versus
769 2094 939 2162 Sedulius:

691 2265 927 2352 “Principium
950 2269 985 2331 ct
1007 2264 1106 2331 finem
1130 2264 1219 2330 hunc
1233 2264 1344 2351 Alpha
1366 2263 1557 2331 viderier.’'¹

645 2427 831 2493 Priscianus
870 2425 951 2491 dicit
989 2425 1078 2510 quod
1112 2431 1259 2492 auctores
1297 2425 1412 2493 dieunt
1441 2425 1559 2514 farier
1590 2452 1652 2516 pro

598 2529 669 2609 fari,
693 2534 728 2593 ct
749 2525 899 2594 ancer
913 2548 972 2614 pro
995 2526 1112 2607 videri,
1135 2533 1170 2593 et
1192 2527 1238 2593 sic
1260 2527 1302 2593 de
1324 2527 1520 2615 hujusmodi
1567 2530 1652 2598 Haec

599 2633 671 2698 dico
694 2635 828 2717 propter
845 2651 975 2695 sensum
990 2651 1111 2694 versus.
1141 2628 1206 2696 Sed
1221 2630 1390 2697 scanditur
1404 2631 1458 2711 sic,
1475 2631 1651 2721 “Principi

599 2744 634 2804 et
656 2735 784 2817 finem,’'
807 2741 842 2802 ct
871 2741 996 2814 caetera,
1020 2740 1060 2801 ut
1082 2735 1151 2800 sola
1178 2734 1298 2800 ultima
1328 2736 1454 2822 syllaba
1484 2738 1653 2804 auferatur

601 2845 699 2925 Quod
718 2843 747 2909 si
769 2843 845 2910 duae
860 2843 1044 2920 demantur,
1067 2847 1148 2908 tuno
1170 2841 1338 2907 scanditur
1359 2842 1413 2924 sic,
1438 2842 1594 2931 “Princip
1617 2851 1652 2911 et

549 2983 550 2986 ¹
600 2945 728 3025 finam,'’
760 2951 794 3013 et
824 2950 950 3026 caetera,
981 2951 1016 3010 et
1049 2951 1100 3010 cst
1130 2965 1243 3010 versus
1277 2943 1387 3024 falsus,
1419 2945 1496 3030 quia
1525 2947 1652 3030 syllaba

600 3049 711 3116 brevis
733 3055 783 3115 cst
805 3055 839 3116 ct
861 3049 1009 3134 sequitur
1030 3046 1160 3112 vocalis.
1207 3045 1368 3112 Similiter
1389 3045 1545 3134 Prosper²
1567 3049 1635 3115 ait:

648 3210 847 3277 “dudicium
872 3209 1054 3274 humanum
1078 3207 1166 3294 quod
1188 3206 1256 3273 falli
1280 3230 1364 3295 saepe
1387 3231 1514 3276 necesse
1536 3209 1614 3277 cst.''

603 3389 649 3453 Et
681 3387 735 3452 hic
766 3393 816 3453 cst
846 3388 958 3453 eadem
989 3386 1203 3452 consideratio
1227 3387 1267 3452 do
1290 3387 1352 3453 hoc
1373 3389 1531 3454 vocabulo
1555 3390 1654 3475 jacti·

604 3489 707 3567 ciani,
732 3488 818 3556 sicut
841 3490 875 3554 in
899 3512 995 3554 versu
1029 3490 1093 3554 alio
1116 3491 1156 3554 de
1177 3489 1245 3566 hoc,
1262 3491 1350 3575 quod
1373 3497 1424 3556 est
1445 3492 1651 3579 principium,

603 3599 642 3658 ut
664 3598 764 3679 patet.
810 3592 856 3657 Et
881 3592 1003 3658 iterum
1026 3589 1210 3678 Prosper2³

650 3784 669 3814 “
683 3778 762 3843 Una
784 3779 885 3844 trium
911 3776 1042 3856 dehoc,
1074 3778 1162 3863 quod
1185 3800 1251 3844 una
1280 3778 1387 3845 deitas
1417 3803 1483 3847 uua
1513 3789 1655 3852 estesse

736 3880 778 3945 ab
801 3879 898 3946 un0.''

607 4031 673 4097 Hic
717 4032 753 4095 in
795 4033 855 4098 hac
897 4033 1038 4098 dictione
1076 4055 1153 4098 ccicc
1190 4035 1330 4099 secundo
1376 4037 1483 4122 posits
1535 4040 1655 4107 auferri

607 4138 717 4217 potest
754 4135 823 4199 sola
852 4135 970 4200 ultima
1000 4135 1135 4221 syllaba,
1174 4142 1208 4200 ct
1241 4137 1276 4200 in
1307 4136 1368 4203 hac
1412 4138 1553 4205 dictione
1590 4164 1656 4211 cccc

1034 4329 1365 4338 m...-—
1372 4332 1456 4338 ---.-

639 4463 645 4491 ¹
660 4461 774 4527 viderier]
795 4465 901 4513 Carmen
918 4467 975 4516 Pas.
994 4466 1030 4515 iii.
1049 4473 1104 4526 288,
1190 4457 1328 4535 'Propch
1343 4470 1416 4534 Epig.
1429 4470 1498 4519 xcix.
1511 4471 1542 4520 nl.
1555 4472 1622 4522 xcvi.

605 4546 699 4595 habeut
710 4542 768 4604 alph
780 4543 874 4592 videret
885 4544 987 4607 hubent,
999 4546 1054 4596 MS.
1191 4548 1200 4575 ⁸
1212 4546 1331 4614 Prosper]
1348 4549 1406 4597 Unn
1424 4551 1558 4614 cademque
1578 4551 1654 4600 trium

1130 4606 1135 4653 l
1158 4626 1275 4690 quoniam
1287 4635 1325 4677 est
1336 4627 1505 4693 essentinquin
1517 4645 1551 4690 sc,
1563 4630 1609 4695 Ep.
1619 4631 1652 4680 lv.
