3586 5640
449 821 514 884 100
821 828 951 880 nouum
973 826 1120 880 mcoms
1412 813 1503 902 [cin.

414 1077 417 1081 ἵ
449 1006 608 1085 divinam,
632 1004 686 1069 vel
708 1025 768 1090 per
789 1002 932 1090 angelos,
949 1003 1004 1068 vel
1026 1024 1085 1090 per
1107 1002 1282 1085 doemones,
1306 1005 1360 1070 vei
1383 1026 1404 1069 a
1426 1026 1503 1071 casu
1538 994 1539 998 ¹

449 1115 483 1176 et
509 1108 650 1174 fortuna
695 1107 741 1172 Et
762 1128 830 1171 non
853 1111 903 1172 est
925 1107 981 1185 ita,
998 1106 1062 1170 nisi
1084 1106 1262 1171 secundum
1285 1107 1373 1192 quod
1396 1109 1503 1172 omnis

449 1211 596 1299 operatio
627 1215 787 1276 creatura
810 1214 861 1275 est
887 1208 1129 1295 quodammodo
1153 1231 1175 1274 a
1200 1208 1281 1275 Deo.
1336 1209 1402 1274 Sed
1441 1211 1503 1275 hoc

448 1337 516 1380 non
559 1313 707 1379 excludit
747 1313 829 1399 quin
877 1313 1083 1399 operationes
1116 1311 1200 1378 fiant
1234 1310 1413 1378 secundum
1450 1334 1502 1376 ra-
1610 1349 1612 1352 ⁴

449 1419 557 1482 tiones
579 1414 766 1495 naturales3
789 1415 868 1501 quia
889 1418 1011 1480 natura
1033 1419 1084 1480 est
1106 1415 1363 1481 instrumentum
1379 1414 1503 1480 divinae

450 1518 658 1606 operationis.

856 1824 937 1891 CAP.
961 1823 1108 1891 XXVII.

284 2043 432 2110 'rheimpo-
499 2027 589 2093 Post*
609 2027 680 2093 haec
703 2026 817 2093 addidi
847 2029 1066 2094 intentionem
1097 2027 1233 2093 alterius
1263 2028 1367 2114 partis
1396 2048 1503 2113 gram-

284 2112 427 2229 }{ffffid
453 2131 584 2197 maticae
616 2152 691 2215 quoe
722 2152 791 2196 non
822 2135 873 2196 est
903 2131 1010 2197 adhuc
1043 2131 1224 2217 composita
1246 2129 1335 2217 apud
1368 2129 1504 2194 Latinos

286 2244 400 2322 meum
453 2253 513 2298 nec
536 2233 721 2312 translata;
743 2239 779 2298 et
804 2239 856 2299 est
882 2234 1059 2300 utilissima
1085 2234 1120 2299 in
1143 2232 1378 2310 scientialibus‚
1401 2254 1504 2319 quan·

284 2313 408 2428 ngfica
453 2340 527 2400 tum
551 2333 849 2418 adinquirendum
871 2342 906 2401 et
930 2336 1098 2401 sciendum
1121 2357 1234 2402 omnes
1255 2336 1413 2402 veritates
1435 2357 1505 2422 spe·

453 2436 615 2500 culativas
641 2434 854 2520 philosophiae
882 2441 917 2500 et
943 2437 1125 2524 theologice.
1187 2437 1234 2502 Et
1264 2443 1315 2503 est
1345 2438 1386 2504 de
1419 2459 1505 2504 oom-

453 2535 631 2623 positione¹
662 2536 858 2622 linguarum,
882 2541 918 2602 et
948 2538 989 2602 de
1019 2538 1286 2623 impositionibus
1315 2561 1432 2605 vocum
1463 2540 1506 2604 ad

453 2636 713 2724 significandum,
730 2641 766 2704 et
788 2638 953 2724 quomodo
976 2638 1162 2726 significant
1184 2661 1242 2726 per
1262 2640 1506 2725 impositionem

453 2746 489 2808 et
511 2739 588 2828 per²
610 2739 693 2806 alias
715 2739 795 2808 vius.
841 2740 888 2807 Et
909 2741 988 2827 quia
1009 2741 1080 2808 haec
1102 2761 1170 2806 non
1192 2745 1330 2828 possunt
1351 2742 1426 2807 sciri
1440 2742 1506 2805 nisi

454 2845 553 2912 homo
576 2844 660 2910 sciat
681 2844 826 2911 rationes
848 2848 883 2910 et
905 2843 1020 2910 modos
1042 2842 1250 2930 significandi
1272 2842 1346 2908 ideo
1375 2864 1504 2930 aggres-

455 2968 509 3013 sus
531 2968 603 3013 sum
626 2945 700 3011 illos
722 2945 837 3012 modos
859 2945 1039 3024 ostendere,
1063 2947 1148 3013 sicut
1180 2945 1388 3032 Augustinus
1410 2945 1505 3010 docet

455 3053 493 3116 in
525 3049 610 3114 libro
643 3048 786 3115 secundo
818 3052 853 3114 et
891 3047 991 3114 tertio
1030 3047 1079 3115 De
1109 3047 1271 3114 Doctrina
1305 3045 1504 3126 Christiana,

456 3151 545 3239 quod
572 3152 669 3238 signa
692 3151 844 3237 quaedam
868 3155 948 3216 sunt
977 3149 1150 3230 naturalia,
1182 3155 1216 3216 et
1245 3150 1397 3236 quaedom
1427 3151 1507 3215 data

287 3248 420 3366 {2183}ss
456 3256 499 3321 ab
514 3255 632 3320 anima
680 3254 726 3318 Et
749 3253 808 3319 illa
831 3276 907 3340 quae
922 3259 1001 3320 sunt
1024 3253 1189 3320 naturalia
1211 3257 1290 3318 sunt
1312 3251 1507 3339 dupliciter;

288 3351 444 3450 impos’suny
460 3356 615 3444 quaedam
657 3360 736 3421 sunt
765 3377 832 3455 per
876 3355 1166 3423 concomitantiam
1212 3356 1424 3442 signatorum,
1468 3361 1507 3421 ut

288 3464 355 3502 Μ·
455 3459 577 3526 habere
607 3478 745 3543 magnus
775 3459 1011 3537 extremitates,
1042 3465 1093 3525 est
1119 3459 1251 3546 signum
1280 3458 1507 3538 fortitudinis3

457 3561 609 3649 quaedam
632 3579 691 3646 per
709 3561 1010 3648 configurationem,
1031 3567 1071 3627 ut
1090 3561 1200 3650 imago
1221 3561 1334 3628 Sancti
1355 3562 1508 3627 Nicholni

456 3670 507 3731 est
530 3663 662 3751 signum
684 3661 755 3750 ejus
781 3663 1019 3752 configuratum
1043 3669 1079 3730 et
1100 3663 1347 3730 conformatum.
1392 3663 1438 3730 Et
1462 3666 1508 3730 sic

456 3787 569 3833 omnes
592 3765 715 3852 species
738 3787 847 3831 rerum
870 3771 950 3838 sunt
972 3767 1074 3851 signa.
1113 3765 1161 3830 Et
1175 3771 1353 3852 utrumque
1368 3766 1506 3831 istorum

456 3866 645 3935 modorum⁸
667 3867 769 3933 habet
791 3867 904 3933 modos
919 3868 1049 3934 multos.
1093 3866 1235 3954 Signum
1255 3873 1366 3932 autom
1390 3867 1505 3931 datum

456 3973 498 4037 ab
525 3971 636 4036 anima
661 3969 714 4035 vel
741 3975 791 4034 est
817 3970 1021 4048 naturaliter,
1054 3975 1093 4034 ut
1122 3969 1265 4056 gemitus
1301 3968 1505 4033 infirmorum

456 4079 491 4139 et
520 4071 661 4138 latratus
690 4092 828 4152 canum;
870 4071 925 4138 vel
954 4076 1006 4138 est
1035 4070 1078 4136 ad
1107 4069 1273 4157 placitum,
1301 4073 1341 4133 ut
1367 4067 1505 4133 circulus

456 4173 529 4239 vini
555 4178 590 4238 et
614 4173 708 4259 panis
738 4174 775 4238 in
800 4173 950 4253 fenestra,
982 4177 1018 4239 et
1043 4193 1156 4238 omnes
1182 4191 1277 4236 voces
1306 4170 1504 4258 lingumum.

458 4275 546 4341 Nam
579 4274 693 4362 lingua
729 4296 796 4340 non
826 4281 935 4363 potest
964 4274 1115 4362 componi
1145 4295 1187 4340 ex
1217 4271 1352 4339 vocibus
1382 4272 1505 4360 signifi-

460 4494 635 4503 ..-——-—

492 4639 690 4709 ἐοιηροείιίοηε]
729 4641 957 4707 compositionibus,
1040 4645 1051 4678 ²
1057 4642 1118 4710 per]
1136 4655 1186 4693 om
1202 4639 1233 4692 T.

457 4722 488 4774 T.
1041 4719 1193 4788 Μυκη]
1211 4735 1260 4773 om.
1277 4719 1309 4773 B.
