3294 5744
394 762 460 829 ³76
774 767 905 816 soom
926 766 1074 815 ιιιοιιι

396 946 499 1011 tionis
526 943 597 1006 sine
618 940 703 1005 mloe
725 950 760 1004 et
781 939 958 1015 ablutione
981 939 1063 1003 scies
1083 937 1173 1024 quod
1193 943 1244 1002 est
1265 937 1307 1001 de
1328 939 1454 1024 megis-

397 1047 588 1111 terioveru
633 1041 680 1106 Et
708 1040 1455 1124 deseenditsdmodossnridemsgistaerio,

399 1152 440 1210 ut
468 1145 591 1209 sciatur
619 1143 712 1227 eujus
740 1145 786 1206 sit
815 1164 933 1205 surum
961 1138 1128 1205 ablatum
1190 1139 1258 1204 Sed
1287 1139 1335 1203 ffii
1360 1139 1452 1204 fiunt

400 1241 1004 1330 verhapropriaalkymistimoe
1040 1241 1452 1326 possuntsurinisiin

400 1348 520 1412 ultimo
540 1354 637 1430 purte
658 1350 830 1407 tractatus.

445 1446 498 1510 De
534 1445 604 1509 loeo
637 1466 717 1508 vero
748 1443 969 1530 generationis
1006 1443 1080 1506 auri
1111 1440 1272 1506 naturalis
1301 1441 1452 1526 loquitur

402 1547 528 1612 Plinius
549 1545 675 1608 miiio
697 1545 782 1629 [tt]
813 1543 899 1607 libro
934 1542 1155 1607 Naturalium
1199 1543 1329 1606 Aurum
1359 1543 1451 1606 enim

400 1650 438 1712 in
459 1648 565 1712 mlius
586 1647 665 1710 loeis
698 1646 891 1723 invenitur;
921 1645 1076 1708 seilicet
1066 1666 1104 1706 ιι
1124 1643 1282 1707 ramentis
1303 1648 1338 1706 et
1360 1643 1454 1707 inter

399 1747 784 1834 ΙιρίΠοιθιιιίιιιι,ι
786 1743 1452 1830 ‘utinTugoHisputhsdo

401 1848 563 1925 “Italiae,
592 1847 682 1911 Ebro
703 1846 859 1920 Thneiae,
891 1844 1024 1910 Pactolo
1054 1846 1156 1923 Asiae,
1186 1844 1302 1930 Gange
1331 1843 1452 1909 Indiae

400 1956 421 1986 “
442 1949 514 2015 Nec
543 1948 648 2012 ullum
677 1947 859 2011 absolutius
890 1968 1007 2009 surum
1036 1946 1197 2030 estquis
1225 1965 1324 2009 curm
1351 1967 1451 2031 equae

315 2090 321 2097 -
402 2057 480 2116 “et
508 2071 583 2114 eum
607 2049 779 2113 ffioetione
808 2048 998 2133 perpolitur.
1042 2047 1121 2111 Alio
1150 2047 1247 2111 modo
1276 2050 1452 2132 puteorum

402 2152 609 2216 “scrobibus
642 2150 806 2224 effoditur,
830 2158 890 2212 sut
921 2149 958 2211 in
990 2149 1088 2211 ruins
1119 2147 1292 2212 montium
1344 2147 1450 2210 Aliud

402 2263 421 2288 “
442 2254 480 2317 in
501 2272 628 2315 summa
649 2258 684 2315 et
706 2250 806 2336 plana
826 2249 957 2313 telluris
978 2270 1054 2312 rurs
1082 2248 1260 2326 solicitum
1281 2253 1321 2312 ut
1342 2270 1451 2334 nuper

402 2364 420 2388 ‘⁴
442 2355 479 2417 in
502 2352 670 2416 Dalmatis
692 2352 878 2437 principatu
901 2350 1042 2416 Neronis
1063 2350 1202 2436 singulis
1223 2349 1339 2414 diebus
1353 2352 1452 2436 quin·

401 2462 421 2490 “
442 2474 607 2538 qusgenss
629 2452 730 2516 htrus
752 2452 894 2517 fundens
923 2503 931 2515 .
976 2498 987 2516 .
1031 2504 1040 2518 .
1084 2503 1092 2516 .
1121 2472 1249 2515 summo
1271 2451 1449 2536 eespite''²

445 2650 528 2717 Haee
559 2651 663 2737 igitur
696 2651 784 2715 clieta
805 2657 885 2716 sunt
914 2651 956 2716 de
978 2671 1059 2715 auro
1084 2650 1114 2713 si
1135 2654 1188 2714 tot
1220 2649 1377 2714 deberent
1406 2648 1449 2713 de

397 2851 588 2919 aeeduem
616 2858 723 2918 metus
751 2854 849 2918 istius
876 2797 1139 2938 persuasionis,
1132 2871 1194 2916 nee
1220 2855 1276 2915 tot
1296 2854 1376 2915 suut
1397 2850 1449 2914 di·

396 2953 791 3040 oendsclesliquoolio,
813 2953 956 3018 sieutde
978 2975 1067 3029 suro,
1083 2951 1450 3039 propterejusnobili·

397 3061 502 3121 tutem
524 3077 591 3121 nou
614 3055 756 3119 solum
745 3077 782 3119 ιι
804 3054 1063 3119 eonsiderstione
1091 3053 1237 3139 physion,
1259 3052 1318 3117 sed
1346 3053 1449 3117 etism

398 3158 434 3221 in
456 3156 631 3241 theologia,
654 3157 733 3241 quia
755 3155 877 3241 pluries
898 3156 936 3218 in
957 3153 1129 3240 Scriptura
1162 3159 1198 3218 et
1231 3154 1268 3217 in
1296 3153 1449 3239 pluribus

397 3263 434 3322 et
468 3256 686 3321 nobilioribus
722 3257 870 3320 sensibus
906 3257 1024 3341 grutiae
1057 3262 1092 3319 et
1128 3255 1243 3341 glorise
1275 3255 1447 3340 reperitur,

397 3379 497 3442 quum
519 3358 630 3421 omnis
651 3357 717 3421 alia
738 3356 879 3422 metullo
925 3356 978 3420 Ne
993 3363 1106 3420 tumen
1120 3356 1323 3442 negligentis
1335 3355 1449 3440 ulique

399 3459 552 3523 omittam
579 3460 797 3544 perstringam
828 3457 962 3522 brevius
991 3463 1147 3521 naturum
1167 3464 1203 3522 et
1231 3458 1449 3544 proprietates

398 3581 511 3624 eorum
534 3580 703 3644 usquequo
736 3560 884 3644 scriptus.
930 3556 1036 3645 Super
1061 3558 1113 3623 his
1143 3559 1331 3644 requiratur
1358 3560 1449 3645 prin·

396 3680 489 3746 crpus
518 3711 525 3725 .
556 3710 563 3724 .
594 3712 602 3725 .

251 3760 258 3771 '
312 3796 321 3813 ·
441 3760 523 3826 Post
543 3782 661 3826 surum
685 3759 851 3846 dignitate
882 3766 933 3826 est
963 3766 1147 3846 argentum,
1170 3760 1259 3846 quod
1288 3781 1331 3824 ex
1360 3782 1447 3825 uom-

396 3862 549 3947 plexione
570 3862 760 3927 elementari
789 3868 839 3926 est
864 3861 1021 3948 frigidum
1042 3868 1078 3927 et
1099 3861 1283 3941 humidum,
1303 3868 1345 3926 ut
1366 3862 1450 3928 dicit

396 3963 567 4028 Avieennu
592 3964 710 4047 quinto
740 3961 792 4027 De
814 3962 977 4042 linteum
1006 3968 1042 4029 et
1071 3964 1108 4027 in
1137 3963 1223 4028 libro
1252 3963 1304 4027 De
1326 3963 1449 4051 Corpo-

395 4063 487 4130 ribus
512 4070 547 4128 et
569 4062 750 4149 Spiritibus
771 4061 894 4128 dicitur
917 4064 1000 4128 illud
1030 4063 1126 4129 idern
1178 4062 1268 4129 Nem
1293 4085 1337 4128 ex
1361 4086 1448 4129 eorn-

394 4165 556 4249 positioue
586 4165 714 4251 argenti
748 4164 820 4228 vivi
841 4170 876 4229 et
909 4164 1073 4252 sulphuris
1096 4167 1131 4229 in
1160 4186 1200 4230 eo
1230 4164 1334 4230 hebet
1362 4165 1446 4229 mul-

427 4458 567 4525 'utlumJ
585 4461 741 4525 oblatrare)
944 4477 1019 4514 renue
1045 4470 1073 4513 to
1099 4462 1248 4528 Plinyvill
1273 4462 1375 4527 exphiu
1403 4461 1447 4512 the

427 4538 647 4602 ’mantal
666 4538 895 4600 Theserordsus
944 4541 1098 4592 blunderot
1117 4542 1160 4592 the
1178 4541 1391 4606 mseriber,by
1411 4555 1446 4590 ιο

393 4618 768 4688 ῐΜγΜΙιιιοιοκικ.
793 4623 895 4677 Arete-
944 4619 1300 4686 maselinum
