3586 5640
455 772 518 836 156
834 784 962 832 noonnr
986 783 1131 833 nnoonrs
1417 768 1504 855 [cnr.

285 967 440 1035 Argumenta
452 959 509 1043 qui
522 963 702 1044 posuerunt
723 957 834 1021 omnio
856 979 968 1022 unum.
1016 956 1103 1023 Nam
1126 956 1203 1021 ille¹
1221 961 1417 1043 argumento
1431 978 1503 1043 pos·

282 1034 323 1084 for
333 1052 349 1086 a

284 1117 399 1156 vacuum.

452 1065 532 1124 sunt
561 1059 696 1123 formari
725 1082 783 1144 pro
810 1081 913 1124 vocuo
937 1058 1003 1123 oio:
1043 1059 1245 1146 arripiantur
1275 1059 1350 1125 duae
1380 1058 1504 1125 tobulae

452 1163 559 1248 plante
585 1167 619 1226 et
641 1162 805 1247 sphericae‚
822 1166 857 1227 et
879 1160 1120 1247 conjungantur
1143 1161 1297 1247 undique,
1320 1166 1354 1227 et
1374 1161 1504 1227 eleven-

452 1270 507 1329 tur
529 1264 572 1329 ob
602 1264 742 1328 invioem
767 1264 946 1349 aequeliter‚
985 1269 1041 1328 aer
1079 1263 1223 1330 exterior
1260 1262 1359 1328 eitius
1390 1263 1504 1328 veniet

450 1367 493 1433 od
534 1366 639 1432 latero
679 1365 867 1431 tabularum
908 1387 1006 1450 quarn
1039 1366 1081 1430 ad
1111 1371 1283 1445 centrum3
1315 1387 1393 1452 ergo
1424 1365 1500 1430 dum

449 1474 558 1556 partes
581 1468 732 1534 laterales
755 1469 924 1554 replentur
946 1467 1011 1532 erit
1033 1488 1175 1532 vacuum
1198 1468 1234 1531 in
1256 1472 1377 1534 oentro.

496 1570 634 1648 iterum,
659 1570 688 1634 si
710 1570 799 1634 linea
821 1574 969 1634 transeat
992 1591 1050 1655 per
1070 1569 1136 1634 duo
1159 1591 1294 1656 corpora
1316 1569 1405 1635 inter
1428 1591 1502 1654 quoe

449 1696 517 1738 non
545 1674 590 1738 sit
612 1671 774 1738 tertium²
799 1694 916 1758 corpus
938 1672 1095 1749 medium,
1112 1677 1192 1737 tuno
1216 1695 1291 1737 cum
1318 1673 1503 1758 superficies

448 1776 580 1840 illorum
603 1797 671 1840 non
691 1773 850 1839 secabunt
872 1774 994 1839 lineam
1009 1774 1100 1838 illurn
1122 1774 1158 1838 in
1181 1796 1247 1839 uno
1268 1781 1401 1860 puncto,
1424 1775 1503 1859 quio

449 1884 529 1944 tuno
559 1877 647 1943 idem
676 1881 763 1942 esset
793 1876 954 1942 terminus
981 1876 1162 1961 utriusque,
1186 1886 1220 1941 et
1249 1883 1358 1941 essent
1387 1898 1502 1962 corpus

449 2004 561 2062 unum,
577 1979 737 2046 secabunt
752 2001 823 2044 eam
839 1979 875 2042 in
890 1977 1028 2043 diversis
1044 1979 1194 2064 punctis;
1219 1977 1277 2043 sed
1301 1979 1390 2043 inter
1413 2001 1501 2063 quae·

448 2082 531 2148 libet
553 2087 677 2169 punota
699 2082 736 2146 in
761 2081 874 2146 eodem
890 2080 980 2145 cadit
1008 2080 1096 2144 linea
1116 2080 1244 2160 rnedia5
1268 2101 1345 2166 ergo
1369 2079 1418 2145 ibi
1438 2081 1503 2145 erit

448 2187 592 2272 spatium
621 2185 744 2249 lineare
774 2183 940 2262 mediu1n3
976 2183 1063 2248 etsi
1092 2182 1214 2247 lineare
1235 2180 1502 2247 mediun1³tune

448 2287 649 2374 superficiale
673 2291 707 2351 et
731 2284 918 2370 corporale3
944 2285 1023 2369 quia
1038 2284 1126 2350 linea
1148 2288 1283 2349 nonest
1303 2283 1373 2348 sine
1391 2305 1503 2370 super-

448 2391 527 2465 fioio,
553 2411 612 2453 neo
634 2387 820 2473 superficies
844 2387 914 2450 sine
941 2407 1074 2472 corpore
1088 2387 1118 2464 3⁴
1145 2408 1222 2473 ergo
1248 2386 1296 2450 ibi
1322 2386 1387 2451 erit
1413 2386 1503 2450 trina

448 2491 608 2555 dimensio
635 2491 722 2554 inter
748 2488 806 2553 illo
829 2510 982 2574 eorpora3
1011 2489 1068 2553 sed
1089 2488 1216 2553 nullum
1232 2510 1348 2574 oorpus
1368 2487 1502 2574 plenunr

448 2593 496 2656 ibi
519 2596 578 2671 est,
604 2601 644 2656 ut
667 2591 812 2676 positum
837 2595 909 2668 est3
936 2612 1012 2676 ergo
1035 2590 1099 2654 erit
1118 2613 1266 2656 vacuum.

494 2696 629 2770 Iterum,
654 2694 682 2759 si
707 2693 806 2758 etiarn
832 2691 897 2756 duo
931 2714 1065 2778 corporo
1102 2693 1170 2757 sint
1199 2694 1286 2757 inter
1325 2716 1398 2779 quae
1433 2714 1501 2757 non

448 2799 492 2863 uit
522 2797 656 2883 aliquod
685 2797 828 2884 plenum,
860 2806 894 2860 et
924 2794 1088 2860 ducentur
1111 2794 1186 2860 duae
1215 2795 1312 2860 lineae
1336 2817 1357 2859 a
1380 2795 1502 2860 centris

447 2925 560 2968 eorunr
590 2900 838 2987 aequidistanler
868 2919 971 2983 usque
1001 2897 1044 2961 od
1074 2897 1209 2963 tertium
1246 2919 1362 2983 corpus
1392 2919 1501 2983 super-

448 3006 602 3092 positum,
619 3003 684 3068 illae
702 3003 797 3067 linere
813 3024 887 3068 cunr
903 3001 972 3065 sint
987 2998 1243 3085 aequidistantes,
1256 3007 1292 3065 et
1313 3000 1501 3065 terminatae

448 3112 484 3176 in
515 3109 703 3196 corporibus
733 3107 800 3171 illis
831 3108 873 3172 od
904 3107 1034 3172 diverso
1071 3112 1202 3192 punctu,
1233 3105 1502 3171 terminabuntur·

448 3216 484 3278 in
507 3215 605 3280 tertio
636 3233 767 3297 corpore
799 3210 840 3273 ad
871 3210 1003 3274 diversa
1033 3221 1178 3295 puncta;
1216 3231 1293 3295 ergo
1324 3231 1400 3295 pars
1431 3231 1499 3274 cor-

449 3314 554 3400 poris⁶
583 3315 673 3379 illius
695 3317 746 3376 est
770 3313 805 3374 in
830 3312 939 3375 medio
962 3334 1083 3392 earum,
1100 3316 1135 3376 et
1156 3317 1289 3376 tanturn
1315 3312 1441 3376 distant
1463 3311 1499 3375 in

449 3422 542 3501 porte
581 3414 736 3490 inferiori,
762 3413 838 3496 quio
867 3414 1039 3497 aequoliter
1076 3414 1203 3479 distant
1238 3436 1387 3500 semper:
1422 3436 1499 3500 orgo

449 3518 590 3603 oriolium
615 3514 778 3600 corporale
806 3521 856 3579 est
886 3514 976 3579 inter
1003 3515 1133 3581 tabulas
1153 3516 1226 3582 illae
1251 3538 1400 3596 vacuum,
1426 3537 1500 3581 curn

449 3621 581 3706 plenum
606 3618 749 3704 positum
771 3621 822 3680 ost
844 3616 891 3680 ibi
915 3638 983 3681 non
1007 3639 1082 3683 eote.

495 3722 629 3796 lterum,
646 3721 708 3785 alio
724 3719 821 3785 rnodo
836 3725 946 3804 potest
966 3720 1061 3806 argui
1076 3745 1084 3800 ;
1109 3723 1137 3785 si
1152 3721 1239 3786 inter
1262 3721 1344 3786 duos
1360 3720 1500 3807 parietes

449 3824 660 3888 solidissirnos
685 3824 852 3887 auferetur
867 3844 963 3887 omne
978 3845 1094 3908 corpus
1116 3829 1245 3888 starent
1269 3846 1334 3889 non
1359 3823 1481 3888 mutati
1492 3847 1501 3903 3

449 3949 526 4013 ergo
550 3927 635 3991 siout
658 3926 749 4012 prius
774 3926 959 4003 distarent3
990 3925 1047 3990 sed
1079 3948 1145 3990 non
1170 3948 1227 4010 per
1252 3927 1395 4014 plenum,
1423 3949 1500 4012 ergo
1574 3972 1576 3977 -

449 4052 506 4117 per
530 4029 724 4093 distantiam
747 4050 893 4092 vacuom.
941 4027 995 4091 Ad
1031 4028 1091 4092 hoo
1125 4029 1301 4093 dioendrun
1332 4034 1382 4093 est
1412 4027 1500 4113 quod

450 4153 589 4197 voouum
612 4153 680 4195 esse
703 4152 769 4195 non
792 4135 902 4216 potest
924 4131 960 4194 in
983 4152 1089 4194 ronun
1113 4135 1233 4195 natura
1255 4136 1388 4218 propter
1403 4130 1503 4196 retio-

448 4258 505 4301 nou
528 4233 676 4319 superius
698 4239 811 4297 tactas.

485 4526 490 4554 ι
504 4521 559 4589 illo]
579 4520 664 4586 prima,
682 4519 712 4569 rr,
1032 4521 1096 4571 rm
1106 4523 1246 4587 superficies
1262 4525 1314 4574 m
1325 4523 1437 4590 corpore]
1450 4539 1500 4575 om·

484 4600 610 4666 'utrium
629 4615 677 4650 om.
696 4599 726 4646 T.
999 4599 1030 4648 ἰχ

483 4680 614 4747 'molo'um]
634 4695 681 4729 orn.
699 4679 728 4727 Β.
1032 4679 1171 4745 ’corrui-ir]
1191 4697 1238 4732 om,
1257 4682 1287 4731 Τ,
