3586 5640
452 777 517 841 426
833 789 962 841 nouum
985 789 1130 840 memus
1419 771 1508 860 [our.

451 968 661 1055 Augustinus
684 969 720 1033 in
742 968 827 1032 libro
850 968 902 1034 De
925 962 1318 1032 Dootrine⁴Christiens¹
1366 965 1415 1029 Hi
1429 970 1508 1031 sunt

450 1069 551 1156 pueri.
577 1070 718 1135 duorum
756 1070 911 1135 ordinum
944 1070 1160 1149 studentium,
1195 1074 1235 1134 ut
1268 1067 1436 1148 Albertus,
1474 1073 1508 1133 et

451 1172 600 1250 Thomas,
632 1178 667 1238 et
689 1173 755 1253 alii,
780 1173 839 1258 qui
869 1176 910 1237 ut
940 1172 975 1237 in
1010 1172 1161 1259 pluribus
1191 1170 1426 1259 ingrediuntur
1455 1191 1507 1235 or-

451 1274 554 1355 dines,
579 1297 682 1361 quum
713 1279 792 1341 sunt
814 1275 939 1360 viginti
968 1297 1131 1340 annorum
1163 1279 1199 1339 et
1229 1273 1322 1338 infre
1369 1272 1415 1338 Et
1445 1271 1507 1338 hoo

451 1378 596 1442 maxime
618 1400 639 1442 o
661 1378 745 1443 meri
768 1377 953 1464 Anglioeno
975 1399 1080 1463 usque
1102 1377 1146 1443 ed
1168 1377 1251 1442 fines
1274 1375 1507 1442 Christianite»

451 1480 504 1556 tis,
529 1484 564 1544 et
598 1481 762 1566 praeoipue
797 1479 885 1545 ultra
919 1501 1059 1566 regnum
1083 1480 1240 1558 Frsnoiae,
1275 1478 1326 1543 ito
1347 1477 1437 1564 quod
1469 1477 1507 1543 in

452 1581 642 1667 Aquitania,
659 1588 693 1648 et
708 1582 892 1659 Provincia,
918 1586 952 1647 et
976 1582 1149 1669 Hispania,
1171 1581 1279 1659 Italia,
1297 1579 1505 1659 Alemannis,

452 1689 487 1749 et
511 1685 694 1772 Hungaris,
719 1685 831 1765 Deoia,
856 1690 890 1750 et
919 1685 1050 1770 ubique,
1075 1685 1278 1771 recipiuntur
1300 1683 1344 1747 ud
1366 1681 1506 1759 ordines,

284 1782 429 1900 {³⁰52me
452 1787 572 1874 passim
600 1787 768 1853 odecimo
791 1809 877 1852 enno
909 1809 1012 1872 usque
1044 1788 1087 1852 sd
1109 1786 1310 1863 vicesimum,
1333 1785 1391 1870 qui
1423 1784 1508 1848 nihil

285 1865 432 1983 titiens-
453 1889 590 1976 dignum
617 1896 754 1976 possunt
780 1890 861 1955 scire
891 1895 1025 1977 propter
1047 1895 1190 1970 aetotem,
1213 1889 1312 1954 simul
1342 1909 1417 1953 oum
1446 1887 1507 1952 hoo

284 1984 433 2101 ffiifflm
454 1992 541 2078 quod
564 2015 667 2058 oeusae
691 2015 837 2058 errorum
863 1992 1082 2057 humanorum
1105 1991 1272 2078 praediotae
1294 1995 1410 2056 tenent
1432 2011 1507 2068 eos3

285 2118 376 2170 om
453 2100 487 2162 et
510 2096 582 2161 ideo
605 2095 690 2161 nihil
712 2097 830 2176 sciunt,
855 2117 958 2182 quum
981 2095 1111 2161 ordines
1132 2095 1270 2174 intrent,
1286 2093 1375 2182 quod
1396 2093 1508 2158 velent

452 2197 632 2284 theologiae.
680 2198 780 2264 Unde
807 2199 903 2284 plura
929 2197 1034 2263 millia
1055 2199 1184 2263 intrent
1207 2197 1265 2283 qui
1287 2195 1439 2263 nesciunt
1461 2195 1506 2261 le-

452 2320 528 2386 gere
551 2300 749 2365 Psalterium
771 2322 831 2365 neo
853 2299 1040 2380 Donatum3
1072 2300 1129 2365 sed
1151 2300 1266 2364 stetim
1288 2307 1364 2386 post
1386 2298 1508 2387 profes-

452 2402 576 2466 sionem
599 2409 768 2488 ponuntur
784 2402 826 2467 ad
849 2403 998 2467 studium
1014 2402 1196 2489 theologiae.
1243 2401 1290 2466 Et
1311 2423 1332 2466 u
1346 2401 1508 2488 principio

452 2504 586 2580 ordinis,
611 2505 779 2570 sciliceta
801 2509 948 2592 tempore
972 2527 1038 2591 quo
1071 2505 1179 2592 primo
1212 2504 1326 2571 floruit
1358 2503 1508 2570 studium

452 2606 489 2671 in
511 2607 689 2685 ordinibus,
714 2608 813 2694 primi
843 2608 1015 2675 studentes
1045 2609 1180 2673 fuerunt
1205 2607 1295 2688 tulos,
1318 2607 1405 2674 siout
1433 2629 1507 2694 pos·

452 2709 596 2776 teniores.
647 2709 693 2775 Et
722 2711 888 2776 dederunt
917 2732 952 2776 se
981 2709 1033 2777 illi
1062 2711 1174 2776 studio
1204 2710 1387 2798 theologiae,
1418 2710 1507 2797 quod

453 2834 584 2880 omnem
607 2813 805 2901 sapientiem
828 2812 995 2880 desideret
1016 2813 1203 2880 homonem.
1249 2814 1296 2879 Et
1317 2813 1391 2878 ideo
1414 2835 1509 2900 opor·

452 2917 521 2982 tuit
543 2917 633 3003 quod
670 2938 738 2984 non
775 2917 971 3006 proficerent
998 2917 1066 2982 ullo
1097 2918 1203 2998 modo,
1236 2917 1399 3003 praeoipue
1432 2938 1507 2986 oum

452 3041 520 3085 non
558 3025 817 3107 procuraverunt
846 3042 881 3086 se
918 3021 1039 3088 instrui
1073 3019 1116 3085 eb
1138 3021 1212 3085 eliis
1234 3021 1271 3084 in
1292 3019 1506 3106 philosophie,

453 3127 628 3208 postquem
662 3122 800 3209 ingressi
835 3128 922 3189 sunt.
970 3122 1015 3188 Et
1046 3124 1189 3189 maxime
1221 3124 1300 3209 quio
1330 3144 1507 3210 praesump-

453 3231 567 3290 serunt
598 3225 635 3289 in
670 3225 840 3291 ordinibus
873 3226 1077 3313 investigere
1108 3225 1347 3312 philosophiam
1380 3247 1439 3312 per
1472 3247 1508 3292 se

453 3327 523 3391 sine
546 3327 699 3406 doctore;
722 3328 772 3393 ite
795 3328 883 3416 quod
905 3328 986 3394 fecti
1009 3334 1088 3394 sunt
1110 3329 1261 3416 magistri
1283 3329 1320 3394 in
1342 3329 1509 3416 theologis

452 3434 487 3494 et
524 3429 729 3516 philosophie
765 3439 944 3518 antequam
981 3433 1116 3498 fuerunt
1153 3431 1322 3519 disoipuli;
1362 3437 1396 3498 et
1433 3433 1508 3501 ideo

452 3539 569 3619 regnat
607 3534 697 3620 opud
736 3557 790 3600 eos
828 3557 918 3600 error
956 3535 1115 3614 infinitus,
1140 3536 1218 3601 lioet
1251 3558 1318 3602 non
1351 3540 1508 3623 eppnreet

453 3642 587 3723 propter
609 3658 722 3703 causus
745 3644 859 3718 certes,
885 3639 956 3704 Deo
979 3639 1194 3726 permittente
1217 3643 1252 3704 et
1274 3638 1404 3706 diabolo
1434 3660 1509 3725 pro-

451 3746 594 3806 ourante.

287 3844 413 3923 Greapat-
500 3843 607 3910 Causa
651 3850 763 3911 eutem
807 3866 876 3910 une
920 3845 1122 3934 apperentiae
1168 3850 1219 3912 est
1256 3844 1344 3932 quod
1375 3843 1508 3910 ordines

285 3921 426 4031 ffifflo
454 3944 579 4012 hebent
616 3949 757 4034 speciem
795 3971 950 4034 magnam
982 3948 1178 4030 sanctitatis,
1212 3953 1247 4014 et
1277 3948 1351 4014 ideo
1388 3947 1508 4033 probo·

286 4047 379 4098 orders
454 4048 521 4114 bile
559 4055 610 4114 est
646 4051 779 4128 mundo,
819 4051 909 4137 quod
947 4051 1095 4118 homines
1132 4053 1169 4120 in
1206 4051 1347 4117 statibus
1385 4049 1508 4116 sanetis

453 4173 522 4216 non
544 4159 779 4237 praesumerent
808 4155 848 4219 de
881 4154 933 4220 his
966 4177 1040 4242 quae
1074 4155 1226 4243 perfloere
1259 4176 1328 4220 non
1349 4153 1507 4219 valerent

455 4253 521 4320 Sed
544 4259 657 4320 temen
678 4256 829 4323 videmus
851 4279 964 4324 omnes
985 4263 1094 4325 status
1125 4257 1225 4323 nimis
1258 4263 1427 4345 corruptos
1457 4255 1508 4325 his

464 4498 478 4505 ,.
499 4496 638 4504 .“--,,-,..
949 4503 1013 4510 .,.,.
1036 4505 1041 4508 .
1087 4504 1122 4510 «ω,
1152 4503 1158 4508 ·
1337 4503 1472 4512 «mm-v
1492 4506 1501 4512 -

721 4671 727 4701 ¹
741 4670 783 4724 De
794 4671 915 4725 Doctrina
932 4672 1198 4742 Chirtiaro]ih18.?
