3586 5640
449 793 514 856 204
820 804 949 856 sooner
972 804 1118 856 seuerus
1413 789 1498 878 [our.

449 978 636 1066 exemplum
652 980 693 1044 de
711 979 772 1044 hoc
789 978 841 1043 in¹
856 981 879 1045 J
881 980 1012 1062 ordane,
1030 978 1215 1057 Hiericho,²
1230 985 1263 1045 et
1280 978 1498 1056 Hierusalem,

448 1087 484 1146 et
508 1082 549 1147 de
573 1081 631 1146 via
657 1081 745 1148 inter
772 1083 849 1164 haec,
876 1083 1039 1169 quomodo
1069 1104 1183 1149 sensus
1209 1082 1397 1169 spirituales
1426 1103 1501 1169 pos-

448 1191 528 1248 sunt
550 1184 682 1271 pulchre
705 1185 786 1262 elici,
811 1186 945 1272 cognita
967 1185 1180 1252 distinetione
1206 1187 1349 1252 locorum
1373 1185 1503 1250 mundi.

449 1286 545 1350 Nihil
570 1287 658 1352 enim
683 1287 788 1374 magis
812 1288 1030 1353 necessarium
1062 1294 1113 1354 est
1142 1287 1217 1353 sciri
1248 1294 1380 1374 propter
1404 1286 1501 1352 intel·

448 1389 571 1459 lectum
611 1389 799 1476 Scripturas.
859 1390 893 1455 N
896 1413 949 1455 am
987 1391 1057 1456 loca
1094 1390 1210 1456 muudi
1248 1390 1393 1478 dispersa
1423 1394 1504 1454 sunt

449 1492 572 1578 ubique
590 1492 626 1556 in
646 1492 826 1559 visceribus
849 1493 1036 1579 Scripturas,
1052 1498 1123 1559 tam
1146 1493 1236 1558 Novi
1257 1515 1354 1580 quam
1371 1493 1502 1558 Veteris

449 1594 675 1660 Testamenti.8
713 1595 758 1661 Et
778 1595 880 1660 etiam
900 1617 952 1660 res
972 1594 1088 1661 locatae
1108 1617 1176 1660 non
1196 1600 1333 1681 possunt
1352 1593 1503 1682 cognosci

448 1697 514 1762 nisi
544 1719 602 1784 per
631 1698 721 1776 loea3
752 1698 829 1784 quia
855 1697 1095 1784 complexiones
1125 1718 1237 1762 earum
1262 1696 1418 1763 accidunt
1444 1717 1503 1783 per

448 1800 689 1887 complexiones
714 1799 865 1866 locorum.
912 1801 958 1865 Et
984 1799 1057 1866 ideo
1082 1799 1204 1887 pluries
1227 1805 1262 1866 et
1284 1800 1358 1886 plus
1384 1799 1501 1886 scripsi

450 1903 492 1967 de
529 1903 580 1967 his
613 1902 691 1968 locis
720 1903 757 1967 in
787 1902 906 1988 Majori
937 1902 1051 1989 Opere,
1084 1924 1182 1988 quam
1214 1901 1256 1967 de
1293 1902 1367 1967 aliis
1396 1901 1502 1966 rebus.

451 2005 540 2070 Nam
570 2005 662 2092 prius
688 2004 782 2092 posui
808 2004 933 2070 radices
959 2005 1000 2070 de
1025 2003 1306 2091 complexionibus
1335 2004 1503 2084 locorum;

450 2129 538 2173 nunc
560 2113 672 2174 autem
694 2108 822 2194 aliquos
843 2129 962 2187 ramos,
983 2105 1117 2185 fructus,
1141 2112 1177 2172 et
1198 2106 1302 2172 flores.

495 2209 562 2276 Sed
586 2215 701 2297 postea
730 2210 767 2273 in
796 2208 1041 2296 comparatione
1071 2208 1314 2274 mathematicae
1344 2207 1387 2272 ad
1417 2229 1502 2274 rem·

450 2312 613 2398 publicam
638 2310 767 2398 digero⁴
788 2316 896 2377 totam
923 2311 1117 2377 divisionem
1140 2312 1285 2377 locorum
1311 2310 1429 2376 mundi
1451 2333 1501 2376 se-

450 2414 592 2478 cundum
623 2414 878 2494 astronomiam
911 2419 947 2479 et
976 2414 1094 2480 deiude
1124 2413 1303 2480 meandum
1333 2413 1503 2479 naturales

450 2515 667 2602 philosophos,
689 2520 724 2580 et
747 2515 926 2580 seeundum
949 2522 1086 2598 sanctos,
1110 2522 1145 2582 et
1166 2516 1345 2582 seeundum
1368 2515 1504 2602 eosqui

449 2616 556 2683 nostri
579 2618 737 2704 temporis
762 2618 891 2703 experti
919 2624 998 2684 sunt
1031 2617 1102 2685 loca
1127 2619 1253 2700 mundi,
1280 2624 1315 2684 et
1347 2639 1405 2705 par
1438 2617 1504 2682 iter

450 2725 485 2786 et
514 2719 694 2807 navigium.
756 2720 802 2784 Et
823 2719 885 2786 hoe
908 2726 959 2786 est
981 2721 1075 2807 quasi
1104 2720 1285 2786 maximum
1309 2720 1397 2806 quod
1431 2718 1504 2784 fieri

450 2828 568 2909 potest,
593 2829 633 2889 ut
657 2823 703 2888 sic
732 2822 830 2888 homo
855 2821 978 2888 habeat
1000 2827 1110 2889 totum
1135 2825 1296 2889 mundum
1325 2824 1361 2887 in
1386 2821 1504 2910 imagi-

450 2926 586 2992 natione
606 2932 705 3004 certa,
722 2930 889 2999 etomnes
910 2925 1120 2992 diversitates
1140 2926 1320 3004 hominum,
1336 2931 1371 2991 et
1391 2929 1504 3001 sectas,

451 3033 487 3094 et
509 3028 616 3109 ritus;
640 3034 675 3094 et
698 3027 858 3115 depingat
879 3033 958 3094 ante
985 3028 1096 3094 oculos
1118 3050 1193 3094 suos
1220 3027 1350 3114 quando
1373 3026 1447 3092 vult
1472 3031 1506 3091 et

452 3131 572 3216 quibus
594 3131 670 3196 vult
693 3131 755 3196 hoc
777 3153 948 3217 exponere.
981 3131 1027 3197 Et
1049 3131 1122 3197 ideo
1147 3152 1273 3196 summe
1291 3129 1438 3196 notanda
1456 3135 1507 3195 est

452 3233 670 3299 consideratio
697 3233 815 3298 horum
842 3232 994 3312 locorum,
1022 3239 1157 3321 propter
1179 3233 1349 3319 sapientire
1379 3232 1506 3320 magni-

453 3335 611 3400 tudinem.

284 3435 425 3490 Thasoue
499 3437 613 3502 Tertia
635 3436 732 3503 radix
756 3443 806 3503 est
829 3460 927 3525 penes
951 3443 1118 3524 temporat
1151 3458 1227 3503 nam
1254 3438 1344 3504 nulla
1370 3437 1507 3504 scientia

283 3506 428 3638 fflmm'
455 3544 566 3626 potest
588 3545 737 3626 tempora
769 3541 947 3607 certificare
977 3542 1042 3606 nisi
1065 3541 1152 3622 ista3
1187 3562 1248 3606 nee
1279 3539 1414 3627 aliqua⁶
1444 3542 1510 3606 alia

431 3664 487 3707 <se
520 3643 560 3708 de
594 3642 655 3706 hoc
688 3643 892 3708 intromittit.
943 3643 988 3708 Et
1019 3644 1066 3708 ibi
1103 3648 1181 3708 sunt
1214 3641 1329 3709 multae
1362 3643 1507 3709 conside·

453 3746 599 3811 rationes
622 3744 720 3810 utiles
747 3749 782 3810 et
804 3766 942 3832 magnae.
988 3744 1077 3810 Nam
1107 3745 1254 3810 maxima
1284 3745 1373 3810 inter
1395 3765 1510 3810 omnes
1589 3773 1592 3778 ·

454 3849 731 3914 considerationes
756 3847 937 3935 Scripturas
962 3846 1093 3914 Sacrae⁰
1113 3853 1163 3913 est
1187 3848 1340 3913 decursu
1363 3847 1509 3913 historiae

458 3975 478 4017 a
510 3951 671 4038 principio
709 3951 825 4015 mundi
862 3972 966 4037 usquc
1004 3951 1047 4015 ad
1085 3950 1264 4028 Christum,
1303 3972 1361 4036 per
1398 3971 1511 4017 omncs

455 4060 572 4120 aetates
595 4060 629 4119 et
651 4055 778 4120 sarcula.
824 4052 910 4118 Tota
930 4072 1008 4119 vero
1032 4052 1203 4139 Scriptura
1219 4051 1323 4118 Vetus
1345 4052 1511 4138 adipsum

452 4156 632 4233 ordinatur,
650 4162 684 4222 et
702 4162 742 4221 ut
764 4161 894 4242 tempus
910 4154 980 4241 ejus
1003 4155 1173 4232 habeatur,
1198 4176 1257 4220 nec
1279 4160 1357 4220 ante
1380 4160 1510 4241 tempus

453 4361 509 4370 ,ή-
1168 4353 1503 4365 —m-a———n-

488 4476 494 4509 ¹
512 4472 542 4528 de
553 4477 595 4526 hoc
609 4476 648 4541 in]
669 4474 753 4524 inhoc
765 4474 804 4534 dc,
823 4469 853 4523 T.
1038 4477 1046 4506 ⁴
1064 4476 1158 4543 diprro]
1178 4472 1268 4542 dirigo,
1286 4473 1317 4525 Τ.

488 4560 497 4588 ¹
512 4555 642 4621 Hiericho]
661 4555 755 4614 Jerico,
773 4551 804 4602 T.
816 4552 846 4601 Β.
1038 4560 1048 4586 ³
1063 4555 1160 4622 aliqua]
1179 4572 1228 4607 om.
1241 4556 1271 4605 T.

486 4641 495 4671 ⁸
511 4637 579 4689 Num
597 4672 603 4687 .
622 4672 628 4687 .
647 4671 654 4686 .
673 4672 679 4686 .
696 4670 703 4685 .
725 4629 884 4697 Testamenti]
903 4644 952 4680 cm.
1038 4641 1048 4667 ⁰
1067 4637 1202 4704 Serapium
1212 4634 1311 4701 Socroe]
1326 4635 1410 4689 Sacra
1423 4631 1509 4698 scrip·

453 4718 484 4770 T.
1004 4726 1076 4778 tura,
1092 4718 1124 4770 T.
