3586 5640
446 773 466 831 8
824 784 951 836 socam
974 785 1120 836 niuosis
1404 772 1491 858 [cnr.

444 956 618 1023 sollicitare
642 958 817 1045 dignatur!
865 961 921 1026 Sol
945 963 1115 1048 sapientiae
1141 965 1300 1030 mundum
1324 963 1492 1040 irradians

443 1081 501 1123 vas
539 1060 731 1126 admirabile
771 1084 852 1150 opus
890 1065 1030 1144 Excelsi,
1070 1064 1257 1132 hominenr¹
1297 1066 1493 1153 ignorantiae

442 1162 616 1248 multiplici
652 1163 791 1250 caligine
827 1166 1024 1247 involutum,
1056 1169 1205 1234 mandati
1234 1170 1286 1234 sui
1316 1169 1408 1234 radio
1438 1191 1493 1255 pe-

442 1269 584 1343 netrans,
602 1264 788 1350 sapientum
806 1266 905 1351 jubet
926 1269 1110 1356 exprimere
1133 1273 1368 1338 monumenta!
1412 1271 1492 1336 Dux

441 1366 543 1447 verbi,
582 1367 706 1432 deliciis
743 1368 879 1435 affluens
915 1371 1095 1450 rhetom'ois,
1131 1373 1331 1440 balbutienti
1360 1379 1395 1440 et
1425 1395 1492 1438 non

441 1467 546 1533 solum
588 1469 738 1555 phaleras
777 1471 895 1536 urbani
935 1473 1102 1553 semonia,
1141 1475 1199 1539 sed
1243 1476 1315 1561 ipsa
1357 1475 1492 1540 exordia

441 1571 650 1652 mendicanti,
695 1573 853 1660 praecepit
894 1580 934 1640 ut
973 1575 1138 1657 scriberet,
1176 1577 1354 1663 scripturas
1391 1578 1491 1643 desti·

440 1674 560 1740 naretl
618 1673 706 1742 Sane
735 1677 798 1742 etsi
827 1677 978 1743 mandati
1006 1677 1119 1764 gloria,
1150 1700 1224 1743 cum
1255 1679 1300 1745 sit
1333 1680 1491 1765 quiddam

440 1775 636 1842 immensum
660 1783 694 1844 et
717 1778 885 1845 inlinitum
912 1785 1047 1868 propter
1076 1779 1248 1846 scribentis
1274 1781 1490 1866 majestatem,

440 1879 645 1965 opprimatur
675 1903 748 1947 mea
777 1881 962 1962 infirmitas,
994 1882 1073 1969 quia
1108 1887 1222 1948 tamen
1250 1881 1397 1968 ejusdem
1422 1883 1489 1947 vir-

439 1985 513 2048 tute
555 1983 684 2070 potenti
727 1985 832 2050 sentio
872 1985 1034 2072 meipsum
1074 2006 1172 2072 super
1213 1983 1301 2050 vires
1343 1985 1490 2071 proprias

438 2084 560 2150 altius⁹
597 2087 775 2170 elevatum,
805 2088 951 2176 concipio
981 2085 1118 2175 spiritus
1154 2087 1327 2169 fervorem,
1357 2109 1491 2174 assurgo

438 2185 476 2251 in
505 2187 625 2274 vigore,
657 2191 865 2277 congratulor
893 2189 1015 2256 affectu
1043 2189 1242 2277 plenissimo,
1270 2194 1308 2257 et
1334 2190 1493 2256 detenta

439 2289 631 2376 dignatione
661 2293 849 2359 mandantis
872 2289 1037 2359 libenter³
1060 2293 1184 2360 exulto.
1230 2291 1302 2359 Nec
1328 2292 1491 2359 modicum

440 2391 578 2478 gratus,⁴
615 2392 717 2458 immo
756 2395 961 2481 gratissimus
1004 2416 1074 2460 esee
1117 2395 1228 2473 debeo,
1267 2416 1342 2461 cum
1380 2401 1494 2462 vestra

439 2493 611 2560 beatitudo
643 2517 696 2561 me
726 2497 874 2582 pulsavit
904 2518 1003 2583 super
1027 2497 1097 2577 hoc,
1129 2498 1218 2582 quod
1247 2497 1379 2562 ardenti
1409 2498 1492 2563 desi-

370 2613 373 2619 ·
439 2596 530 2663 derio
561 2597 744 2685 concupivi,
775 2596 912 2685 grandi⁵
943 2597 1149 2664 elaboratum
1183 2598 1311 2678 sudore,
1341 2601 1492 2686 expensis

439 2700 676 2788 multiplicibus
707 2701 915 2768 ventilatum.
975 2700 1023 2765 Et
1055 2705 1169 2765 temen
1202 2700 1350 2766 nondum
1382 2701 1492 2787 posita

439 2801 540 2869 simt⁰
560 2803 785 2883 fundamenta,
813 2802 891 2869 licet
920 2802 1012 2890 ligna
1041 2807 1077 2868 et
1105 2802 1239 2890 lapides,
1263 2802 1326 2868 hoc
1356 2807 1408 2869 est
1430 2805 1491 2869 sci·

438 2907 604 2974 entiarum
630 2912 665 2975 et
690 2907 878 2994 linguarum
908 2910 1115 2993 potestatem,
1138 2911 1174 2972 et
1202 2909 1322 2972 caetera
1350 2905 1490 2972 aedificio

438 3009 608 3097 sapientiae
638 3009 818 3078 necesmria
847 3007 1081 3075 construendo⁷
1118 3008 1386 3096 investigaverim
1417 3009 1491 3074 dili-

437 3118 560 3200 genter.
613 3112 702 3179 Nam
733 3112 856 3179 artium
888 3117 923 3179 et
953 3111 1163 3179 scientiarum
1190 3112 1358 3200 magnalia
1383 3117 1489 3179 tantae

438 3214 628 3282 difficultati
656 3221 736 3282 sunt
764 3215 920 3301 subjecta,
950 3216 1000 3282 et*
1015 3216 1160 3281 maxime
1194 3215 1247 3281 his
1276 3215 1489 3302 temporibus,

438 3323 553 3383 contra
573 3318 643 3384 dies
666 3318 865 3385 Antichristi
888 3323 923 3384 et
945 3340 1088 3400 suorum,
1112 3340 1172 3406 pro
1194 3318 1315 3405 quibus
1331 3318 1490 3384 Diabolus

438 3420 547 3486 furore
570 3420 715 3506 repletus
743 3424 802 3501 est,
827 3424 868 3486 ut
893 3420 1041 3486 studium
1067 3421 1237 3508 sapientia
1261 3420 1491 3508 multipliciter

438 3523 627 3603 confundat,
652 3523 739 3590 sicut
763 3523 909 3610 apertius
932 3523 1061 3611 patebit
1087 3545 1129 3589 ex
1155 3524 1376 3610 sequentibus,
1401 3525 1490 3609 quod

438 3626 509 3692 sine
549 3626 726 3714 apostolica
762 3625 972 3713 providentia
1010 3625 1142 3712 speciali
1178 3648 1348 3712 nunquam
1386 3648 1489 3691 reme·

439 3729 531 3796 dium
573 3733 763 3817 apponetur.
832 3727 899 3793 Sed
935 3727 993 3792 ubi
1030 3733 1128 3793 tanta
1164 3729 1277 3815 praesit
1314 3728 1491 3793 auctoritas

439 3832 532 3898 nulla
562 3837 672 3920 potest
704 3853 774 3898 esse
805 3829 990 3910 difficultas,
1024 3831 1180 3915 quoniam
1216 3827 1305 3916 ejus⁸
1341 3830 1491 3915 potentia

439 3935 539 4001 coelos
563 3939 723 4022 penetrat,
753 3933 981 4021 purgatorium
1011 3933 1120 4012 solvit,
1152 3932 1283 3998 inferna
1313 3932 1489 4009 conculcat,

440 4039 602 4103 mundum
625 4036 812 4124 comprimit
833 4035 1032 4102 universum.

419 4231 422 4238 1
484 4140 646 4223 Quoniam
674 4161 752 4206 vero
778 4142 890 4204 vestra
912 4136 1085 4203 mandavit
1111 4133 1294 4203 dominatio
1321 4142 1360 4202 ut
1385 4136 1489 4223 philo-

474 4477 480 4507 ¹
494 4473 620 4542 horruissem]
639 4475 776 4535 homiuum,
788 4474 820 4526 Τ.
1024 4471 1145 4540 ‘manriq
1158 4486 1206 4523 om.
1219 4470 1252 4521 T.

472 4553 579 4621 'atriaq
599 4571 647 4606 om
667 4555 697 4605 L.
1023 4554 1033 4581 ⁸
1041 4553 1122 4618 posito
1133 4550 1203 4615 uas]
1222 4558 1280 4600 sunt
1291 4546 1377 4614 posita,
1394 4548 1424 4599 L·

474 4633 608 4702 ’libeaurJ
627 4634 788 4694 abundanter,
800 4632 831 4686 Τ.
1024 4629 1213 4696 lemusano]
1232 4629 1410 4689 constituendo,
1419 4629 1449 4679 L.

472 4718 481 4747 ⁴
490 4716 589 4785 gratus]
609 4731 658 4767 om.
675 4715 706 4767 Ia
1024 4709 1109 4780 ⁸0jm]
1128 4710 1212 4776 hujus,
1223 4709 1256 4762 Τι
