3586 5640
457 777 499 843 10
834 790 962 845 nocam
984 789 1131 846 naccum
1419 771 1508 870 [aar.

453 967 556 1033 studii
593 966 741 1055 regimen
777 989 845 1034 nou
882 970 1045 1037 laxarunt.
1115 970 1182 1037 Sed
1212 970 1413 1036 auctoritate
1444 970 1509 1036 Dei

453 1070 573 1135 dextra
601 1070 738 1137 virtutis
768 1076 888 1139 vestrae
917 1073 1078 1139 vexillum
1115 1073 1316 1161 triumphale
1347 1074 1387 1140 de
1425 1073 1508 1140 coelo

452 1172 588 1251 laxavit,
610 1173 757 1259 gladium
780 1176 905 1241 exemit
926 1181 1113 1263 utrumque,
1136 1177 1316 1243 contradam
1337 1179 1448 1263 partes
1470 1177 1507 1241 in

451 1273 616 1341 infernum
661 1275 788 1362 dejecit,
831 1298 945 1364 pacem
982 1279 1130 1346 restituit
1167 1279 1318 1361 eeclesiae,
1356 1278 1509 1346 omnibus

450 1379 604 1445 fidelibus
633 1379 811 1466 acquisivit
835 1380 965 1448 laetitiae
995 1382 1227 1468 principatum,
1258 1382 1507 1470 propterquod

452 1479 576 1546 vestri¹
607 1502 721 1548 sensus
750 1479 951 1548 inexhausta
972 1484 1180 1570 profunditas
1201 1489 1333 1572 tempus
1362 1485 1508 1551 conside-

451 1583 634 1649 rationibus
661 1590 880 1671 opportunum
904 1586 1154 1672 sapientialibus
1180 1588 1354 1676 magnifice
1383 1608 1508 1675 praepa·

451 1687 547 1753 ravit.
596 1687 760 1768 Quoniam
783 1689 905 1754 sedatis
927 1689 1238 1776 perturbationibus,
1262 1691 1374 1755 anima
1394 1690 1436 1756 fit
1457 1713 1508 1756 sa-

451 1789 546 1877 piens
561 1812 599 1856 ac
613 1791 765 1877 prudens,
783 1793 822 1856 ut
836 1790 1050 1879 philosophus
1064 1792 1179 1859 scribit
1187 1792 1242 1858 vii.
1259 1793 1473 1880 Physicorum
1486 1794 1508 1874 3⁹

453 1897 488 1958 et
511 1891 543 1958 ii.
567 1892 619 1959 Dc
641 1893 764 1960 Somno
785 1895 821 1960 et
843 1894 976 1981 Vigilia,
1009 1891 1135 1962 mentes
1167 1918 1188 1961 a
1215 1895 1301 1961 curis
1327 1900 1362 1962 et
1384 1896 1507 1961 tumul-

454 1997 545 2062 tibus
571 1996 670 2082 hujue
689 1997 804 2062 mundi
826 1997 971 2063 desertas
992 1998 1173 2085 grandibus
1205 2003 1240 2064 et
1270 1998 1395 2064 arcanis
1421 2020 1508 2064 com·

455 2097 723 2186 prehensicnibus
753 2099 904 2165 veritatis
935 2099 1122 2187 aptissimas
1151 2123 1220 2168 esse
1245 2100 1365 2167 sanxit
1433 2099 1507 2168 Prae
1638 2151 1642 2160 .

455 2201 608 2267 omnibus
637 2223 717 2267 vero
755 2200 897 2269 ecclesia
927 2203 1196 2290 occupationibus
1233 2204 1375 2290 quilibet
1407 2202 1509 2290 juxta

375 2303 381 2316 “
455 2327 548 2391 posse
570 2326 676 2384 auum,
699 2310 731 2370 et
756 2305 920 2391 praecipue
945 2305 1004 2383 illi,
1032 2307 1090 2392 qui
1112 2311 1268 2393 praeeuut,
1294 2305 1416 2372 debent
1439 2328 1508 2372 esee

455 2407 587 2472 solliciti
625 2407 667 2471 da
703 2406 808 2471 studii
844 2407 1014 2472 salutifera
1050 2409 1264 2494 promotione„
1343 2409 1507 2489 Quoniam

454 2509 565 2575 studio
599 2507 770 2595 sapientiae
800 2509 837 2573 in
862 2527 1055 2595 quocunque
1086 2509 1243 2596 neglecto,
1275 2509 1440 2576 virtutum
1470 2512 1507 2575 in

453 2612 567 2676 eodem
604 2632 703 2698 opera
728 2611 949 2698 negliguntur.
1010 2611 1099 2675 Nam
1123 2616 1163 2676 ut
1194 2611 1379 2698 philosophi
1405 2614 1506 2678 tertio

453 2714 504 2780 De
520 2714 643 2778 Anima
656 2717 734 2779 utar
755 2712 909 2800 eloquio,l
931 2711 1118 2779 intellectus
1141 2713 1360 2800 speculativus
1382 2715 1505 2781 veritu-

451 2816 496 2882 tis
519 2838 578 2905 per
603 2815 830 2883 extensionem
849 2815 919 2902 ojus
937 2816 981 2881 ad
1004 2834 1148 2882 amorem
1170 2815 1250 2881 boni
1272 2816 1312 2882 fit
1333 2817 1505 2904 practicus.
1570 2816 1574 2822 ’

453 2919 552 2986 Ratio
575 2919 662 2986 enim
683 2919 809 3007 praevia
831 2923 883 2985 est
907 2922 1006 2986 rectae
1029 2918 1206 3001 voluntati,
1230 2923 1265 2985 et
1290 2939 1363 2985 eam
1389 2919 1507 3008 dirigit

450 3023 487 3088 in
513 3025 661 3090 salutem.
719 3022 799 3088 Non
825 3016 914 3087 enim
938 3042 1111 3110 operamur
1135 3020 1261 3087 bonum
1285 3021 1350 3088 nisi
1375 3023 1504 3105 scitum,

284 3127 416 3205 Theocr-
450 3148 511 3192 nee
535 3128 666 3205 malurn,
694 3124 759 3191 niei
780 3123 957 3213 cognitum,
981 3125 1153 3191 evitamus.
1200 3123 1395 3212 Ignorantia
1416 3126 1505 3192 enirn

283 3194 438 3321 ζὴῂᾞᾝξῑ,
451 3230 530 3295 dum
553 3230 661 3310 durat,
686 3228 867 3294 remedium
889 3233 1005 3293 contra
1025 3227 1114 3293 mala
1135 3224 1257 3293 homo⁴
1273 3246 1343 3293 nou
1365 3227 1504 3295 invenit.

284 3328 438 3380 ²b⁸0¹²⁰⁰²h0
452 3331 614 3412 Quoniam
638 3332 744 3410 homo,
761 3329 907 3396 tenebris
929 3329 1000 3417 ejus
1023 3330 1224 3408 obscuratus,
1247 3330 1317 3396 ruit
1338 3331 1374 3395 in
1396 3351 1505 3419 pecca

283 3395 524 3512 {iiff‘ff‘utum
563 3435 649 3499 sicut
685 3454 787 3499 uacus
817 3431 854 3497 in
877 3433 1028 3513 foveam;
1061 3437 1196 3520 propter
1226 3433 1316 3519 quod
1351 3432 1504 3501 nullum⁶

451 3536 631 3624 periculum
652 3535 850 3623 ignorantia
873 3540 1089 3622 comparatur.
1131 3535 1201 3614 Qui
1217 3536 1305 3601 enim
1327 3536 1504 3603 veritatem

451 3636 572 3719 novit,⁰
587 3638 651 3705 etei
666 3637 853 3724 aliquando,
877 3656 952 3723 quae
967 3637 1096 3724 agenda
1121 3641 1209 3715 sunt,
1232 3636 1382 3725 negligit,
1406 3639 1507 3705 habet

451 3747 564 3808 tamen
583 3741 672 3807 unde
694 3741 737 3806 ad
762 3736 983 3806 museientian
1008 3739 1129 3816 redeat,
1156 3744 1196 3804 ut
1220 3739 1331 3805 doleat
1354 3741 1396 3805 de
1420 3761 1506 3806 com·

451 3845 560 3911 missis
584 3851 619 3911 et
642 3848 758 3912 caveat
781 3841 971 3908 defuturis.
1018 3839 1065 3906 Et
1090 3840 1165 3906 ideo
1191 3840 1277 3906 nihil
1303 3844 1354 3907 est
1374 3841 1506 3929 dignius

451 3948 563 4014 studio
591 3947 770 4035 sapientia,
799 3966 858 4032 per
894 3962 1000 4036 quam⁴
1032 3943 1138 4008 omnis
1175 3943 1371 4030 ignorantiae
1400 3943 1506 4030 caligo

451 4051 594 4138 fugatur,
625 4056 660 4116 et
688 4071 780 4115 mens
810 4048 955 4113 humana
984 4045 1177 4124 illustratur,
1211 4049 1249 4110 ut
1279 4045 1390 4110 omnia
1418 4046 1506 4112 bona

485 4293 590 4362 amm]
609 4295 655 4359 tuf,
672 4295 703 4347 14
1036 4290 1322 4358 ¹eaqaio]cf.iit10.

484 4374 671 4441 waram]
693 4375 740 4426 see
756 4371 863 4426 Arioot
882 4371 952 4439 Phr·
1036 4396 1135 4463 um]
1155 4408 1205 4448 om.
1222 4396 1253 4448 r.
1272 4403 1358 4448 aaa·
1380 4397 1448 4449 maa
1465 4413 1506 4450 a·

451 4455 503 4507 sica
535 4455 651 4506 Auscult.
686 4454 765 4505 viia.
795 4454 810 4521 ξ
836 4457 860 4506 7.
901 4453 954 4503 For
1004 4477 1115 4529 medinm
1131 4476 1214 4538 homo,
1231 4476 1262 4530 L

451 4534 605 4600 Phyriconlm
634 4534 666 4585 Τ.
698 4534 772 4584 reads
803 4530 953 4583 Etdicorm
1038 4585 1048 4614 ⁵

450 4615 502 4665 For
529 4613 572 4666 De
596 4613 683 4665 Somno
710 4615 770 4665 read
793 4609 954 4672 Problemata,
1039 4602 1073 4720 ι’.
1110 4691 1116 4703 ⁸
