3586 5640
453 785 517 849 116
823 797 950 848 nocam
972 797 1117 848 mcorus
1407 781 1499 868 [car.

450 969 693 1055 pendicularem
720 970 900 1035 ducendam
916 992 937 1034 a
951 971 1021 1036 loco
1036 970 1214 1049 fractionis,
1235 971 1280 1034 sit
1302 968 1440 1048 forti0r3
1463 970 1498 1034 ct

451 1072 575 1158 duplex
604 1072 719 1137 fractio
749 1077 799 1135 est
823 1072 918 1137 fortis
943 1073 1052 1152 nimis,
1087 1077 1121 1138 et
1151 1072 1280 1136 inducit
1315 1071 1499 1136 violentam

450 1175 612 1239 actionem
624 1195 632 1251 ;
670 1178 705 1238 et
728 1173 816 1259 quod
841 1175 977 1239 reflexio
1010 1174 1054 1239 ad
1098 1174 1237 1260 angulos
1276 1173 1420 1258 aequales
1455 1173 1499 1238 sit

450 1275 590 1340 debilior
607 1278 768 1360 quantum
794 1283 846 1340 est
869 1275 910 1340 de
934 1279 1055 1340 natura
1075 1273 1269 1354 reflexionis,
1294 1274 1371 1339 licet
1395 1296 1501 1360 quan-

449 1380 523 1440 tum
563 1377 605 1440 ad
634 1376 859 1462 aequalitatem
893 1377 1109 1463 angulorum3
1148 1382 1182 1442 et
1206 1377 1285 1463 quia
1316 1376 1365 1441 ibi
1397 1376 1500 1463 gemi-

450 1483 575 1543 nantur
596 1478 633 1541 in
655 1477 768 1542 codem
790 1478 861 1543 loco
889 1479 1000 1543 radius
1022 1479 1171 1544 incidens
1193 1484 1229 1543 et
1251 1477 1402 1556 reflexus,
1435 1477 1501 1542 eit¹

451 1579 522 1645 haec
552 1578 686 1643 reflexio
716 1577 839 1644 fortior.
901 1579 967 1645 Sed
1000 1586 1034 1645 et
1072 1580 1188 1645 fortior
1221 1585 1271 1646 est
1308 1579 1443 1644 reflexio
1481 1600 1501 1642 a

451 1701 594 1745 concava
615 1680 784 1766 superficie
806 1703 905 1766 quam
929 1704 949 1746 a
971 1682 1089 1767 plana;
1114 1686 1149 1746 et
1172 1682 1214 1746 ab
1237 1680 1326 1745 ovali
1356 1681 1410 1745 vel
1442 1702 1499 1744 an-

451 1781 561 1846 nulari
592 1781 777 1847 fortissima.
838 1782 927 1846 Nam
950 1783 986 1846 in
1008 1783 1069 1848 hoc
1101 1783 1287 1848 ostenditur
1318 1781 1502 1869 specialiter

451 1888 582 1953 bonitas
615 1892 754 1968 naturae,
776 1893 817 1952 ut
839 1887 920 1954 dicit
951 1894 1065 1954 auctor
1087 1889 1165 1954 libri
1196 1890 1237 1954 de
1257 1888 1394 1974 speculis
1416 1909 1502 1951 com-

284 1984 409 2102 lffllffi·
451 1989 656 2055 burentibus.
719 1989 830 2054 Etiam
865 1991 963 2077 tetigi
1001 1991 1150 2077 superius
1182 1991 1269 2076 quod
1307 1989 1367 2054 boo
1397 2009 1502 2076 genus

284 2067 419 2169 hiim.
452 2090 712 2178 congregationis
734 2091 806 2156 fieri
829 2096 939 2178 potest
964 2115 1021 2179 per
1036 2093 1256 2171 reflexionem,
1273 2098 1307 2158 et
1323 2092 1411 2177 quod
1429 2091 1501 2175 jam

284 2183 434 2300 ffiffiffffi
453 2192 619 2280 speculum
652 2190 777 2257 factum
800 2199 851 2258 est
872 2199 1034 2280 tanquam
1065 2195 1234 2281 exemplar
1268 2193 1434 2281 quoddam
1468 2198 1503 2257 et

285 2316 383 2367 timeto
453 2295 611 2360 indicium
641 2293 740 2379 hujus
774 2295 923 2361 miraculi
953 2303 1091 2377 naturae,
1124 2303 1163 2362 ut
1185 2296 1386 2383 possibilitas
1416 2294 1503 2360 tanti

283 2381 433 2511 Qum*
454 2397 560 2483 operis
593 2395 755 2461 videatur.
816 2397 883 2462 Sed
916 2420 990 2462 cum
1024 2399 1154 2485 magnis
1185 2398 1337 2484 expensis
1358 2403 1393 2463 et
1414 2396 1503 2461 labo·

284 2521 374 2565 menta
453 2498 544 2563 ribus
581 2498 705 2563 factum
728 2503 795 2562 est:
835 2520 913 2562 nam
951 2499 1075 2563 artifex
1113 2499 1343 2581 damnificatus
1380 2504 1431 2563 est
1468 2499 1505 2562 in

454 2606 588 2666 centum
610 2599 703 2664 libris
726 2598 973 2678 Parisiensibus‚
990 2605 1025 2664 et
1040 2599 1189 2685 pluribus
1211 2601 1308 2663 annis
1330 2600 1504 2675 laboravit,

455 2701 628 2767 dimittens
661 2700 810 2765 studium
848 2705 882 2765 et
914 2699 996 2764 alias
1034 2699 1262 2786 occupationes
1299 2700 1504 2763 necessarias.

455 2803 521 2869 Sed
541 2864 542 2867 ,
560 2807 672 2867 tamen
709 2823 769 2889 pro
805 2800 897 2867 mille
934 2802 1051 2866 marcis
1087 2822 1155 2865 non
1191 2799 1293 2865 vellet
1324 2799 1505 2885 neglexisse

454 2906 609 2984 laborem,
641 2909 715 2968 tum
734 2908 881 2990 ,propter
913 2903 1086 2990 sapientiae
1120 2906 1321 2988 potestatem
1357 2901 1505 2987 pulcher-

454 3008 579 3087 rimam,
618 3027 717 3090 quam
767 3006 921 3091 percepit,
962 3011 1036 3071 tum
1074 3008 1206 3091 propter
1246 3003 1309 3068 hoo
1339 3002 1428 3088 quod
1465 3003 1506 3066 de

455 3114 572 3175 caetero
606 3112 716 3194 potest
749 3106 854 3172 facere
887 3107 1022 3172 meliora
1043 3111 1078 3171 et
1101 3105 1310 3192 paucioribus
1332 3104 1504 3190 expensis:

455 3211 534 3297 quia
555 3232 614 3296 per
635 3209 874 3296 experientiam
897 3208 1014 3273 didicit
1036 3229 1110 3293 quae
1130 3209 1221 3294 prius
1244 3207 1392 3272 nescivit.
1439 3206 1509 3271 Nec

455 3313 576 3377 mirum
610 3313 638 3376 si
672 3315 807 3376 tantum
845 3310 1005 3396 expendit
1042 3316 1077 3375 et
1110 3315 1245 3375 tantum
1277 3309 1441 3374 laboravit
1473 3309 1508 3371 in

456 3415 562 3501 primo
585 3435 689 3500 opere,
715 3413 792 3498 quia
823 3434 994 3498 nunquam
1029 3411 1150 3499 aliquis
1185 3411 1381 3477 Latinorum
1411 3410 1510 3476 scivit

456 3516 518 3581 hoo
540 3521 708 3581 attentare
731 3520 809 3579 ante
832 3515 940 3600 ipsum
952 3539 961 3595 ;
995 3518 1030 3579 et
1062 3514 1182 3578 mirum
1221 3519 1272 3578 est
1301 3513 1389 3600 quod
1411 3535 1510 3577 ausus

458 3624 508 3683 est
530 3617 667 3704 aggredi
698 3623 770 3681 tam
804 3617 955 3703 ignotum
989 3622 1024 3681 et
1056 3621 1127 3682 tam
1161 3616 1301 3680 arduum
1332 3616 1509 3702 negotium.

419 3779 421 3782 .
459 3719 526 3785 Sed
560 3719 821 3805 sapientissimus
860 3724 918 3798 est,
951 3723 984 3783 et
1006 3716 1091 3783 nihil
1125 3719 1155 3783 ei
1190 3717 1320 3784 difficile
1352 3722 1412 3798 est,
1446 3718 1511 3782 nisi

459 3825 592 3908 propter
615 3821 778 3885 defectum
801 3842 1025 3907 expensarum

291 3921 395 3975 Twelve
506 3921 604 3987 Certe
626 3921 655 3984 si
678 3921 849 3986 duodecim
871 3922 954 3986 talia
976 3921 1106 4007 specula
1131 3921 1291 3985 haberent
1317 3920 1511 3999 Aconensea

290 3990 441 4120 ffihffi
460 4029 495 4090 et
531 4021 602 4087 il1i²
640 4023 815 4107 quisunt
864 4023 951 4089 ultra
989 4043 1078 4086 mare
1116 4021 1305 4100 Christiani,
1340 4021 1403 4105 ipsi
1441 4022 1511 4085 sine

317 4072 417 4201 eduae
462 4125 617 4191 effimione
666 4125 836 4210 sanguinis
885 4124 1044 4210 pellerent
1083 4122 1260 4187 Saracenos
1305 4120 1345 4185 de
1390 4122 1512 4187 finibus

294 4188 418 4306 fflffi
462 4248 574 4294 eorum
603 4246 686 4307 ;nec
709 4224 899 4310 oporteret³
925 4224 1096 4290 dominum
1121 4244 1232 4309 regern
1260 4222 1407 4288 Franciae
1437 4247 1512 4290 curn

228 4383 234 4392 .
299 4320 426 4440 2⁸31·
464 4327 609 4396 exercitu
631 4327 773 4391 transire
796 4347 854 4412 pro
877 4326 936 4390 illa
958 4331 1048 4391 terra
1070 4324 1273 4410 acquirenda.
1321 4325 1366 4389 Et
1381 4327 1512 4412 quando

500 4568 663 4663 ¹0u1fia'T.
1048 4589 1197 4657 ὀρονισιι]
1216 4599 1319 4655 oportet,
1338 4592 1371 4645 Τ.

502 4673 569 4742 ¹·u]
586 4689 634 4726 om·
651 4673 683 4724 Τ.
807 4731 809 4737 y
