3586 5640
462 819 466 833 ,
502 760 569 825 452
881 772 1010 825 eoomu
1033 772 1179 825 ancoras
1464 756 1556 848 [cnr.

501 969 622 1035 purum
669 945 835 1027 Latinum,
875 953 910 1014 et
946 947 1068 1014 dicitur
1105 971 1126 1014 a
1162 947 1255 1027 coelo,
1293 947 1401 1026 ooeles,
1439 969 1556 1015 secun·
1684 950 1689 959 '

501 1051 582 1115 dum
620 1047 825 1130 Varronem,¹
860 1049 1054 1115 Latinorum
1088 1049 1331 1137 peritissimum,
1370 1056 1405 1116 et
1441 1072 1556 1117 seeun-

502 1153 583 1218 dum
614 1151 759 1218 Plinium
788 1157 823 1218 et
857 1151 1019 1219 Servium.
1065 1150 1111 1218 Et
1144 1152 1181 1218 in
1212 1152 1275 1219 hoo
1306 1152 1486 1218 ostendunt
1520 1174 1556 1218 se

502 1275 571 1320 esse
607 1254 724 1333 asinos,
762 1254 851 1340 quod
887 1253 1003 1320 dicunt
1047 1253 1165 1320 coelum
1203 1275 1273 1321 esse
1317 1275 1392 1321 oasa
1435 1252 1554 1320 telios.

502 1353 592 1421 Nam
615 1354 717 1422 helios
739 1360 790 1422 eet
821 1355 1019 1421 nominativi
1044 1376 1147 1437 casus,
1170 1360 1205 1422 et
1226 1357 1308 1437 ἡλίου
1331 1361 1383 1423 est
1411 1355 1555 1444 genitivi

500 1478 601 1524 cesus
660 1456 761 1524 Unde
798 1457 955 1524 deberent
988 1456 1095 1524 dicere
1132 1479 1206 1524 cosa
1234 1458 1325 1537 ἡλίου,
1349 1479 1416 1524 non
1439 1456 1553 1526 belriu

502 1559 603 1627 Unde
636 1580 712 1626 case
742 1557 847 1627 laelios
868 1559 953 1625 nihil
985 1564 1044 1637 eet,
1076 1559 1163 1626 sieut
1191 1580 1253 1627 nec
1283 1581 1358 1625 casa
1388 1560 1447 1639 sol,
1479 1582 1554 1627 oum

501 1659 548 1727 sit
580 1660 699 1727 falsum
737 1660 902 1728 Latinum.
948 1660 1045 1742 Quod
1082 1661 1183 1727 etiam
1221 1661 1374 1749 Hugutio
1405 1661 1495 1744 dicit,
1520 1670 1555 1730 et

502 1762 599 1830 Brito
643 1769 778 1851 reputat
829 1763 1008 1831 secundum
1060 1785 1158 1829 unam
1218 1763 1406 1850 opinionem
1451 1786 1554 1846 suam,

501 1866 590 1952 quod
627 1871 693 1946 tus,
737 1864 838 1945 turis,
878 1865 998 1931 dicitur
1036 1887 1057 1930 a
1094 1867 1179 1944 Θεὸς,
1230 1865 1319 1952 quod
1365 1871 1416 1932 est
1453 1865 1554 1945 Deus,

501 1967 696 2034 manifestus
717 1989 808 2034 error
829 1971 907 2047 est3
948 1967 1105 2053 qnoniam
1127 1965 1262 2033 Servius
1284 1988 1382 2054 snper
1411 1968 1553 2054 primam

502 2069 736 2157 Georgicorum
771 2069 920 2136 eliminet
951 2068 1013 2135 hoc
1046 2067 1176 2149 salsum,
1199 2069 1312 2135 dicens
1337 2069 1427 2156 quod
1452 2075 1510 2136 tua
1533 2093 1554 2136 a

500 2171 679 2239 imrdeado
701 2171 830 2254 dicitur,
854 2171 933 2258 quia
953 2171 1031 2237 fluit
1052 2171 1094 2237 de
1115 2171 1286 2237 arboribus
1307 2171 1345 2236 in
1372 2177 1496 2238 terram
1519 2177 1555 2239 et

499 2275 692 2364 coagulatur
722 2296 797 2340 curn
818 2273 933 2361 glebis,
956 2294 1030 2358 quae
1051 2272 1149 2361 gleba
1181 2272 1336 2339 tunditur
1368 2280 1407 2340 ut
1444 2279 1555 2340 extra·

500 2373 602 2441 hatur
624 2382 688 2442 tae.
734 2375 780 2442 Et
813 2375 888 2442 idco
919 2375 991 2441 sine
1013 2374 1214 2462 aspiratione
1248 2374 1347 2442 debet
1378 2375 1487 2457 scribi,
1514 2382 1554 2443 ut

499 2476 583 2542 dicit
613 2475 749 2542 Servius
782 2475 913 2542 ibidem.
960 2475 1026 2543 Sed
1059 2478 1238 2544 secundum
1269 2498 1410 2544 errorem
1433 2479 1554 2566 Hngu-

499 2576 608 2655 tionis,
632 2582 667 2644 et
689 2577 868 2643 secundum
894 2600 995 2644 unam
1018 2579 1205 2667 opinionem
1232 2579 1378 2646 Britonis
1400 2581 1552 2662 errantis,

497 2678 598 2745 debet
626 2678 746 2746 habere
768 2679 1013 2767 aspirationem,
1036 2682 1116 2768 quia
1142 2683 1217 2758 Θεὸς
1239 2681 1413 2770 aspiratur,
1438 2705 1459 2748 a
1482 2705 1549 2770 quo

499 2781 616 2849 solunt
637 2802 769 2848 emoneo
791 2782 880 2869 quod
903 2782 1087 2849 descendat

416 2947 418 2951 .
544 2882 706 2950 Similiter
750 2885 895 2951 aestimat
943 2885 1062 2973 vulgus
1083 2885 1173 2971 quod
1194 2906 1254 2952 auc
1284 2886 1413 2953 dicotur
1444 2888 1487 2953 ab
1518 2909 1552 2969 a,

499 2987 589 3073 quod
619 2991 670 3053 est
706 2985 785 3068 sine,
818 2993 853 3053 ct
874 3008 919 3064 ce,
951 2988 1040 3074 quod
1066 2994 1118 3053 est
1148 3009 1200 3053 ve.
1246 2986 1312 3054 Sed
1338 2988 1399 3055 hoc
1420 2996 1471 3056 cet
1492 2991 1553 3055 fal·

499 3109 581 3169 eum,
613 3089 692 3175 quia
722 3110 783 3156 ove
817 3094 868 3156 est
899 3112 979 3176 pure
1015 3090 1180 3167 Latinum,
1213 3095 1247 3154 et
1276 3090 1351 3156 ideo
1382 3113 1404 3156 a
1437 3090 1553 3157 Graeeo

499 3213 567 3255 non
596 3191 773 3257 derivatur.
821 3191 950 3258 Deinde
972 3192 1009 3256 in
1033 3192 1146 3257 Graeco
1159 3196 1218 3263 ,est
1254 3195 1345 3280 χαῖρε
1375 3214 1435 3279 pro
1468 3216 1551 3274 auc3

498 3297 533 3357 et
570 3293 698 3357 nullum
736 3291 930 3359 vccabulum
972 3293 1119 3378 ejusdem
1157 3293 1404 3380 significationis
1434 3303 1485 3361 est
1514 3296 1551 3360 in

499 3393 613 3458 Greeco
651 3395 846 3460 conveniens
884 3395 920 3460 in
957 3417 1037 3461 voce
1074 3416 1148 3460 eum
1186 3416 1254 3472 ove,
1293 3396 1382 3481 quod
1420 3403 1552 3484 oportet

498 3495 666 3561 obseruari
696 3496 732 3561 in
763 3496 977 3577 derivativis3
1000 3497 1078 3583 quia
1107 3497 1310 3564 conveniunt
1332 3498 1368 3562 in
1390 3500 1552 3587 principio

498 3621 572 3665 cum
604 3619 683 3664 voce
720 3599 891 3685 primitivi,
926 3598 1003 3664 licet
1036 3599 1191 3664 differant
1227 3599 1264 3663 in
1297 3598 1372 3665 fine.
1420 3600 1552 3667 Deinde

498 3723 670 3789 possumus
708 3701 912 3766 considerare
942 3723 1066 3767 errores
1104 3701 1244 3766 istorum
1281 3701 1317 3765 in
1356 3701 1478 3768 Graecis
1515 3710 1551 3770 et

500 3803 652 3869 Hebraeis
689 3803 746 3869 ubi
784 3808 917 3868 servant
954 3804 1243 3890 interpretationes
1270 3803 1400 3869 Graecas
1423 3812 1458 3870 et
1481 3806 1551 3871 He-

497 3904 613 3983 braeas,
636 3905 693 3970 sed
715 3910 828 3970 tamen
854 3911 1030 3992 corruptas,
1063 3905 1099 3969 in
1133 3904 1252 3990 quibus
1274 3905 1311 3969 in
1333 3906 1495 3993 scripturu-
1517 3916 1553 3974 et

496 4007 765 4094 pronuntiatione
798 4028 916 4072 vocum
948 4007 1167 4094 corrumpitur
1199 4028 1274 4072 cum
1305 4029 1402 4073 sensu
1435 4015 1469 4074 et
1500 4011 1552 4074 in-

496 4109 741 4196 terpretatione
801 4108 848 4174 Et
879 4109 951 4196 jam
974 4109 1010 4173 in
1032 4113 1164 4174 tantum
1187 4108 1295 4174 valuit
1316 4132 1394 4176 usus
1426 4133 1548 4192 eorum,

498 4212 586 4297 quod
618 4233 729 4277 omnes
763 4210 911 4278 homines
945 4212 1041 4277 modo
1079 4211 1214 4278 credant
1251 4212 1359 4278 multa
1389 4213 1478 4291 falsa,
1514 4221 1551 4282 et

496 4318 606 4378 totum
643 4313 762 4400 vulgus
807 4315 1035 4400 corrumpitur,
1077 4320 1112 4380 ct
1151 4317 1325 4380 mutantur
1369 4314 1550 4402 scripturae

795 4647 802 4680 ¹
820 4645 964 4716 Varronem]
976 4649 1018 4701 De
1028 4648 1104 4715 Ling.
1116 4649 1172 4702 Lat
1184 4665 1208 4702 v.
1222 4656 1245 4702 3.
