3586 5640
455 763 520 835 370
833 779 960 830 uotum
983 777 1129 832 sacoma

454 960 488 1020 et
511 952 751 1019 nobilissimum
773 954 810 1019 in
831 955 939 1021 mixto
961 975 1065 1021 unum
1088 955 1233 1021 mixtum
1256 957 1315 1020 est
1360 954 1406 1020 Et
1428 952 1505 1019 ideo

453 1053 569 1121 habita
600 1055 790 1142 aequalitate
828 1054 965 1141 quiescit
1003 1053 1192 1144 appetitua¹
1222 1054 1378 1122 materia.
1439 1055 1507 1122 Sed

452 1158 557 1223 forma
586 1179 660 1244 quae
689 1158 818 1243 perficit
848 1160 1036 1244 appetitum
1058 1159 1207 1225 materia
1236 1179 1304 1224 non
1325 1161 1437 1245 potest
1463 1156 1507 1222 ab

454 1282 493 1325 ea
507 1260 657 1346 separari,
672 1280 731 1325 noo
746 1258 850 1324 forma
865 1260 957 1324 coeli⁹
973 1280 1047 1346 quas
1068 1265 1175 1326 totam
1196 1260 1381 1347 potentiam
1403 1263 1509 1327 mate·

453 1361 512 1428 riae
535 1361 686 1447 oomplet.
717 1360 817 1426 Unde
839 1361 876 1425 in
898 1360 1014 1427 mixtis
1036 1360 1133 1428 rebus
1153 1362 1241 1428 idem
1263 1367 1313 1428 est
1334 1359 1507 1448 aequalitas

454 1463 689 1528 elementorum
711 1462 891 1527 seeundum
924 1463 1102 1548 qualitates
1135 1464 1223 1550 quod
1245 1463 1351 1530 forma
1371 1463 1447 1528 coeli
1469 1463 1506 1527 in

454 1563 648 1629 coelestibus.
710 1560 758 1627 Ilt
795 1563 870 1628 ideo
908 1564 1042 1649 quando
1076 1565 1240 1631 elementa
1284 1564 1425 1630 veniunt
1462 1564 1505 1628 ad

454 1664 679 1750 aequalitatem
701 1665 786 1729 hano
808 1665 915 1730 omnis
937 1665 1104 1752 appetitus
1126 1666 1274 1734 materia
1297 1666 1506 1732 elementaris

455 1766 594 1850 quiescit
615 1771 650 1831 et
675 1767 863 1852 completur.
909 1767 955 1832 Et
977 1767 1052 1833 ideo
1074 1768 1224 1835 aufertur
1245 1767 1368 1834 occasio
1390 1767 1506 1854 agenti

455 1870 490 1930 et
520 1865 662 1955 patienti
691 1870 726 1932 et
759 1887 841 1954 opus
874 1868 1161 1934 transmutationis
1189 1873 1224 1935 et
1255 1868 1503 1954 deperditionis,

454 1986 533 2032 nam
569 1973 648 2034 tuno
679 1968 822 2033 calidum
853 1986 922 2034 non
955 1975 1065 2056 potest
1096 1991 1195 2057 super
1225 1967 1393 2057 frigidum,
1425 1970 1505 2056 quia

454 2072 606 2156 equatur
627 2070 665 2146 ai,
690 2088 749 2134 neo
770 2068 945 2134 humidum
967 2090 1066 2156 super
1088 2072 1218 2136 siccum.
1258 2070 1325 2137 Sed
1340 2070 1415 2137 ideo
1436 2090 1505 2136 non

453 2175 562 2256 potest
584 2192 652 2237 esso
674 2171 814 2237 victoria
836 2172 895 2236 ubi
917 2192 986 2236 non
1008 2178 1059 2237 est
1082 2192 1202 2258 pugna

283 2267 438 2385 Tfhffym
498 2272 585 2338 Item
623 2291 683 2338 neo
718 2276 881 2358 appetunt
912 2270 1086 2338 viatorium
1123 2277 1258 2360 propter
1294 2270 1504 2340 nobilitatem

283 2349 438 2451 mquam
453 2373 680 2458 aequalitatia
671 2397 707 2437 m
722 2395 789 2458 qua
803 2373 1052 2439 conformantur
1066 2379 1101 2440 et
1120 2375 1324 2440 reducuntur
1345 2374 1389 2439 ad
1410 2375 1505 2440 nobi·

283 2473 364 2516 ”0⁸²¹
333 2467 438 2545 entauy
451 2472 613 2537 liasimum
636 2480 761 2541 statum
794 2495 916 2556 eorum,
955 2475 1030 2541 et
1021 2497 1058 2540 m
1095 2496 1160 2562 quo
1193 2476 1332 2562 quiescit
1365 2477 1505 2543 materia

283 2530 409 2582 harmmr
340 2599 410 2649 mie
452 2573 666 2642 elementaris.
712 2574 821 2640 Adam
837 2576 967 2642 veroin
983 2582 1074 2642 statu
1088 2576 1288 2644 innocentiae
1302 2596 1370 2642 non
1385 2576 1504 2644 habuit

283 2611 409 2716 glemona
452 2677 676 2764 [equalitatem
706 2677 836 2764 plenam
876 2677 1119 2757 elomentorum
1152 2678 1231 2765 quia
1252 2676 1400 2766 indiguit
1430 2679 1505 2744 cibo

452 2777 535 2866 ligni
556 2780 645 2860 vitae,
671 2779 711 2844 de
734 2799 799 2865 quo
821 2779 850 2845 si
872 2800 940 2844 non
976 2783 1141 2866 gmtasset
1163 2778 1337 2861 deficeret3
1370 2784 1406 2846 et
1427 2780 1504 2846 ideo

452 2885 652 2970 praeceptum
666 2881 731 2947 fult
746 2881 776 2946 ei
794 2878 883 2966 quod
897 2881 1090 2948 comederet.
1138 2881 1238 2949 Unde
1253 2901 1354 2969 prope
1368 2883 1503 2969 aequali-

453 2990 557 3051 tatem
579 2985 644 3050 fuit
665 2983 734 3069 ejus
757 2981 953 3069 complexim
976 3003 1049 3067 quae
1073 3003 1147 3047 oum
1169 2983 1378 3069 perficeretur
1398 2984 1504 3070 gloria

453 3087 547 3153 fieret
581 3087 714 3152 omnino
737 3084 884 3171 aequalis.
947 3083 1071 3149 Beatus
1103 3084 1312 3171 Augustinus
1334 3089 1369 3152 et
1391 3104 1504 3152 omnes

452 3189 648 3253 concordant
670 3187 758 3272 quod
779 3184 897 3250 habuit
920 3205 1035 3272 corpus
1057 3185 1208 3264 animale,
1225 3188 1312 3271 quod
1335 3185 1504 3253 defecisset

453 3288 481 3352 si
503 3307 570 3353 non
592 3288 761 3353 habuisset
784 3308 875 3352 esum
901 3286 984 3373 ligni
1006 3287 1093 3352 vitae.
1150 3287 1249 3353 Unde
1271 3289 1503 3355 immortalitas

454 3409 514 3453 sua
535 3409 594 3475 per
615 3409 706 3454 esum
728 3388 854 3454 fructus
876 3392 957 3451 nata
979 3387 1044 3452 fuit
1074 3386 1267 3454 conservari.
1315 3390 1399 3456 Cum
1424 3412 1502 3478 ergo

453 3489 568 3555 fuisset
590 3489 771 3578 deperditio
786 3490 822 3554 in
837 3509 875 3553 eo
890 3489 946 3574 qui
969 3511 1027 3574 per
1047 3510 1138 3555 esum
1159 3489 1326 3556 fluctuum
1348 3493 1503 3578 paradysi

453 3593 629 3659 restaurari
660 3589 830 3669 debuisset,
865 3595 899 3656 et
932 3589 1120 3675 hujusmodi
1151 3592 1321 3658 dissolutio
1352 3614 1420 3658 non
1450 3599 1503 3660 est

451 3696 517 3760 nisi
547 3716 606 3783 per
640 3695 801 3760 sotionem
835 3694 1068 3758 elementorum
1100 3714 1168 3759 sese
1204 3695 1427 3774 alterantium,
1466 3700 1503 3763 at
1549 3682 1558 3695 “

453 3795 523 3862 haec
559 3798 645 3863 aetio
679 3817 747 3862 non
784 3794 882 3860 divisi
908 3815 966 3880 per
996 3794 1256 3880 inaequalitatem
1291 3797 1500 3881 qualitatum,

453 3903 615 3984 quantum
646 3898 689 3963 ad
723 3897 864 3962 virtutes
895 3916 1006 3960 earum
1038 3900 1073 3962 et
1103 3897 1269 3983 potentias
1306 3897 1432 3963 activas
1465 3904 1501 3965 et

452 4003 608 4087 passivas,
632 4000 841 4066 manifestum
864 4004 914 4064 est
936 4000 1024 4084 quod
1046 4020 1113 4064 non
1127 3999 1193 4065 fuit
1208 4001 1244 4064 in
1266 4020 1304 4066 eo
1326 3999 1499 4085 aequalitas

452 4103 612 4185 istarum3
635 4125 695 4169 neo
717 4102 888 4189 aequalitas
910 4101 1062 4187 ponderis
1084 4103 1196 4188 potuit
1218 4123 1294 4183 esse,
1310 4123 1414 4188 neque
1437 4103 1497 4168 sci·

451 4205 527 4270 licet
542 4207 720 4272 secundum
734 4210 889 4270 naturam
904 4204 1012 4291 gravis
1035 4207 1070 4269 et
1090 4204 1180 4286 levis,
1196 4224 1301 4292 neque
1319 4205 1498 4271 secundum

452 4311 674 4395 quantitatem
696 4311 917 4398 aequalitatis3
951 4331 1027 4399 ergo
1048 4311 1141 4376 nulla
1162 4311 1332 4397 aequalitas
1353 4310 1418 4377 fuit
1439 4311 1496 4390 ibi,

484 4666 638 4732 ¹appetitue]
658 4663 785 4733 appetas,
802 4664 858 4719 MS.
979 4663 986 4734 Ι
1032 4663 1118 4732 ὀαῐῆ
1131 4664 1168 4730 oe‘,
1180 4664 1237 4716 MS.
