3586 5640
718 775 806 825 orus
827 774 947 826 ursus.
1293 761 1358 826 349

304 961 422 1030 Bibliae
444 968 564 1030 nostreo
587 970 637 1030 est
651 985 748 1049 quam
771 963 906 1050 exponit
922 963 1148 1047 Hieronymus
1170 963 1206 1026 in
1231 961 1355 1028 talibus
1450 982 1454 991 ’

305 1064 430 1131 Bibli'm.
487 1067 533 1132 Et
555 1067 629 1130 ideo
652 1071 781 1152 ponunt
803 1086 875 1129 eam
906 1064 942 1128 in
962 1069 1060 1129 textu
1084 1069 1204 1142 nostro,
1230 1070 1264 1128 et
1290 1086 1358 1129 cor·

304 1172 472 1253 rumpunt,
500 1174 534 1232 ot
558 1169 661 1254 magis
688 1172 903 1252 corrumpunt
937 1166 1077 1251 primam
1103 1165 1354 1231 translationem

306 1268 511 1356 Hieronymi,
533 1292 608 1356 quae
632 1270 701 1334 sola
722 1275 773 1334 est
795 1270 831 1332 in
854 1268 971 1331 Bibliis
994 1289 1053 1353 per
1075 1267 1259 1343 seeundum,
1284 1290 1358 1353 quae

292 1370 374 1447 ‚sola
396 1372 502 1437 estin
525 1371 759 1458 originalibus;
792 1392 869 1435 nam
888 1369 1026 1434 credunt
1041 1391 1141 1435 unam
1158 1391 1225 1434 esse
1249 1376 1358 1435 truns-

306 1471 472 1539 latiouena
519 1472 566 1539 Et
590 1473 665 1539 ideo
689 1477 824 1538 mutant
846 1476 986 1539 textum.
1036 1478 1041 1487 '

344 1784 488 1851 Saxum
503 1792 671 1872 peecatum
690 1792 741 1852 est
756 1787 852 1872 longe
871 1786 1005 1872 gravius
1024 1785 1184 1863 omnibus,
1200 1790 1236 1850 et
1251 1790 1359 1872 posset
1371 1794 1512 1855 othrauln

305 1888 411 1952 dividi
436 1890 470 1951 in
494 1888 558 1953 duo
581 1895 714 1975 peecata
736 1889 903 1967 maxima;
930 1909 1033 1952 unum
1061 1893 1110 1952 est
1134 1888 1222 1973 quod
1245 1876 1504 1979 sensusffissessssl

305 1989 443 2053 literalis
467 1989 566 2054 habet
589 1991 682 2074 quasi
706 1989 889 2053 infinitates
913 1989 1073 2052 falsitates
1098 1993 1133 2052 et
1157 1989 1237 2052 alibi
1264 1990 1358 2053 dubi·
1371 1995 1479 2073 pnuuee

305 2092 450 2155 tationes
472 2091 704 2168 intolerabiles,
728 2091 778 2154 ita
800 2089 889 2175 quod
905 2112 971 2153 non
994 2095 1103 2175 potest
1124 2091 1200 2154 sciri
1216 2075 1495 2190 veritffisiiiissrii

306 2215 348 2255 ex
378 2214 443 2276 quo
473 2193 622 2276 sequitur
645 2190 784 2257 novum¹
817 2197 995 2277 peceatum,
1020 2192 1107 2276 quod
1134 2197 1214 2256 tuno
1244 2214 1358 2257 sensus
1371 2192 1421 2241 ‘¹¹³¹
1434 2192 1508 2272 inter-

306 2294 488 2378 spiritualis
511 2294 647 2358 habebit
669 2294 817 2357 eamdem
840 2292 1018 2358 falsitatem
1044 2299 1078 2358 et
1106 2294 1356 2359 dubitationem.
1370 2260 1531 2388 ffiifflff

283 2396 353 2458 -Et
383 2395 533 2481 probatio
564 2394 662 2479 hujus
691 2395 738 2459 rei
765 2400 816 2459 est
846 2395 1021 2460 manifesta
1057 2396 1204 2482 pluribus
1233 2397 1358 2477 modis;

309 2519 393 2560 unns
411 2497 483 2580 jam
506 2500 599 2583 patet
622 2517 663 2561 ex
686 2496 804 2582 quinto
826 2503 966 2582 peccato.

353 2599 385 2662 N
388 2621 440 2662 am
461 2599 489 2662 si
511 2599 608 2662 litera
630 2603 682 2662 est
704 2598 786 2661 falsu
803 2620 863 2685 pro
885 2598 1003 2684 majori
1025 2604 1120 2685 parte
1143 2605 1177 2666 et
1199 2602 1301 2667 dubia
1322 2603 1358 2666 in

307 2701 389 2779 aliis,
414 2721 487 2785 qure
514 2699 679 2765 dubitatio
705 2700 795 2764 eadit
821 2700 856 2763 in
880 2700 986 2764 virum
1012 2703 1202 2787 sapientem,
1225 2712 1264 2768 ut
1286 2724 1360 2789 pro-

307 2801 424 2866 batum
449 2807 509 2882 est,
535 2807 616 2867 tuno
643 2807 774 2886 oportet
799 2802 886 2886 quod
917 2824 1030 2866 sensus
1055 2804 1193 2867 literalis
1217 2806 1262 2868 sit
1284 2827 1359 2868 oon-

307 2903 430 2979 similis,
461 2910 496 2968 et
526 2925 585 2989 per
622 2924 822 2987 consequens
852 2925 964 2967 sensus
995 2904 1181 2987 spiritualis.
1233 2905 1360 2970 Deinde

306 3007 413 3089 posito
443 3006 530 3090 qnod
560 2992 656 3068 litera
685 3009 770 3068 esset
800 3004 951 3067 totaliter
981 3009 1133 3079 correcta,
1165 3027 1239 3068 curn
1271 3014 1361 3071 certa

306 3108 507 3191 probatione,
524 3107 629 3170 adhue
652 3105 799 3189 loquitur
821 3104 903 3167 salsa
926 3110 960 3167 et
983 3103 1083 3168 dubia
1105 3106 1197 3188 quasi
1220 3106 1359 3172 infinita.

308 3210 353 3271 Et
383 3229 450 3271 una
471 3208 518 3271 rei
549 3207 647 3290 hujus
677 3205 774 3269 radix
805 3210 855 3268 est
886 3205 1073 3289 ignorantia
1103 3205 1288 3291 linguarum
1320 3210 1360 3273 de

308 3309 427 3392 quibus
460 3312 574 3371 textus
601 3312 651 3370 est
682 3306 870 3385 translatus,
896 3327 937 3370 ex
964 3307 1083 3391 quibus
1114 3309 1248 3376 intinita
1277 3333 1360 3397 peno

308 3414 386 3472 erunt
409 3408 569 3472 voeabula
591 3408 626 3471 in
649 3413 745 3472 textu
768 3407 887 3472 relicta.

354 3509 490 3587 Iterum,
523 3509 747 3593 Hieronymus
779 3510 925 3575 ostendit
956 3509 991 3574 in
1024 3510 1107 3576 libro
1140 3513 1190 3578 Do
1226 3514 1360 3600 Optimo

311 3611 436 3675 Genere
476 3610 748 3695 Inter-pretendi,a
782 3615 817 3674 et
850 3612 1066 3698 Augustinus,
1108 3615 1158 3680 De
1202 3616 1361 3682 Doctrina

310 3709 525 3790 Christiana,³
548 3716 582 3776 et
612 3732 723 3775 omnes
750 3713 906 3791 doctores,
931 3714 988 3778 sed
1018 3717 1202 3801 expressius
1232 3719 1268 3781 in
1292 3741 1360 3782 om-

309 3816 407 3879 nibus
435 3812 650 3900 originalibus
675 3835 772 3899 super
799 3818 939 3892 textum,
967 3818 1055 3900 quod
1085 3840 1150 3881 non
1176 3824 1286 3903 potest
1311 3821 1361 3883 in-

309 3917 413 4002 telligi
442 3938 555 3982 sensus
585 3916 724 3981 literalis
746 3918 811 3982 nisi
836 3940 895 4004 per
921 3918 1051 4004 linguas
1082 3920 1211 3986 alienas.
1260 3922 1359 3987 Unde

309 4018 534 4104 Hieronymus
557 4040 684 4104 semper
706 4019 833 4084 inducit
857 4021 1037 4086 Hebraeum
1060 4028 1095 4086 et
1118 4021 1278 4104 sirmeum,
1294 4024 1360 4091 fere

307 4121 349 4185 ad
370 4144 465 4187 omne
485 4121 634 4203 verbum,
651 4120 739 4206 quod
762 4122 907 4208 exponit,
924 4128 958 4187 et
980 4123 1098 4208 probat
1121 4125 1359 4211 expmsitionem

1122 4331 1327 4342 -—-—-....-
1345 4338 1353 4343 .

342 4465 348 4495 ¹
362 4463 458 4530 norum]
478 4463 644 4523 sunamitis.
802 4534 803 4537 Ἴ
893 4463 955 4514 'De
968 4464 1088 4515 Doctrina
1104 4463 1261 4534 Christiana]
1281 4470 1305 4519 ii.
1319 4475 1359 4531 2²4,

341 4544 557 4608 ²Imerprelandi]
578 4543 656 4606 Epist
674 4544 713 4593 ad.
737 4543 806 4593 Pam.
857 4560 893 4609 sq.

306 4622 360 4671 lvii.
372 4640 400 4668 =
413 4628 467 4675 rol.
