3586 5640
304 793 367 882 va]
724 810 903 864 arrasum
927 811 947 862 a
1293 793 1358 866 637

350 986 401 1051 De
424 985 487 1051 alio
510 1006 588 1051 vero
611 1006 729 1072 genere
752 989 831 1050 sunt
853 985 960 1050 multa
982 984 1140 1050 miracula
1152 1008 1161 1064 ;
1184 1005 1258 1070 quae
1280 983 1359 1050 licet
1370 987 1427 1038 The

305 1112 373 1156 non
402 1090 543 1155 multam
573 1089 718 1155 habeant
757 1090 940 1156 utilitatem
979 1088 1105 1155 habent
1134 1095 1247 1154 tamen
1268 1109 1357 1176 spec-
1369 1061 1479 1120 magnes

304 1193 453 1258 taculum
483 1192 657 1278 sapientire
679 1193 870 1272 ineffabilo;
897 1197 932 1258 et
955 1196 1095 1278 possunt
1124 1191 1283 1278 applicari
1314 1190 1358 1257 ad

305 1294 535 1382 probationem
567 1297 714 1362 omnium
746 1296 957 1373 occultorum,
981 1295 1102 1381 quibus
1123 1295 1242 1381 vulgus
1264 1294 1360 1359 inex·

305 1403 439 1484 partum
471 1398 671 1465 contradicit
683 1423 691 1479 ;
730 1408 765 1465 et
790 1403 869 1465 sunt
901 1398 1024 1464 similia
1060 1397 1253 1464 attractioni
1282 1395 1360 1462 ferri

305 1522 365 1587 per
394 1501 614 1568 adamantem.
683 1501 772 1568 Nam
803 1501 877 1588 quis
907 1502 1053 1567 crederet
1090 1499 1278 1586 hujusmodi
1309 1504 1361 1564 at·

304 1604 502 1670 tractionem
540 1604 611 1669 fieri
648 1604 714 1670 nisi
756 1604 913 1670 videret?
970 1604 1016 1669 Et
1053 1604 1161 1670 multa
1199 1601 1361 1667 miracula

306 1712 436 1774 naturas
458 1708 588 1774 suntin
609 1707 671 1773 hac
693 1708 771 1772 ferri
794 1707 1000 1784 attractione,
1024 1729 1098 1792 quae
1121 1728 1189 1772 non
1211 1706 1361 1771 sciuntur

306 1832 327 1873 a
348 1811 458 1897 vulgo,
482 1812 568 1876 sicut
591 1810 796 1896 experientia
825 1809 921 1876 docet
947 1809 1130 1874 sollicitum.
1177 1807 1242 1874 Sed
1265 1808 1361 1893 plura

306 1917 385 1977 sunt
416 1913 487 1978 haec
509 1918 544 1977 et
575 1913 711 1998 majora.
758 1911 847 1977 Nam
879 1912 1033 1978 similiter
1055 1917 1107 1978 est
1127 1933 1186 1998 per
1216 1909 1360 1997 lapidem

306 2015 379 2079 auri
394 2017 559 2095 attractio,
575 2021 610 2081 et
624 2015 763 2102 argenti,
781 2020 815 2080 et
831 2015 978 2081 omnium
994 2010 1224 2080 metallorum¹
1271 2013 1360 2077 ltsm

305 2117 391 2203 lapis
412 2119 530 2183 cadens
560 2119 664 2184 currit
695 2118 739 2183 ad
761 2117 915 2196 acetum,2
946 2124 981 2184 et
1003 2119 1128 2204 plantae
1164 2115 1359 2192 adinvicem,

307 2225 341 2284 et
375 2226 484 2305 partes
521 2220 716 2285 animalium
753 2221 870 2288 divisse
901 2221 1057 2302 localiter,
1089 2225 1183 2286 motu
1213 2217 1360 2285 naturali

306 2327 511 2387 concurrunt.
563 2323 609 2388 Et
643 2327 818 2409 postquam
856 2323 1046 2409 hujusmodi
1077 2323 1236 2410 perspexi,
1275 2320 1360 2386 nihil

307 2422 390 2486 aiibi
405 2429 456 2488 est
472 2423 601 2490 difficile
624 2425 668 2489 ad
686 2425 894 2502 credendum,
916 2427 1049 2512 quando
1071 2427 1155 2492 bene
1179 2424 1358 2504 wnsidero,

305 2547 365 2590 nee
387 2526 424 2590 in
446 2525 579 2606 divinis,
603 2527 689 2593 deut
710 2549 771 2594 nec
792 2527 829 2592 in
851 2528 1011 2594 humanis
1070 2527 1137 2594 sad
1160 2527 1286 2613 majora
1307 2525 1359 2591 his

304 2633 407 2709 sunt3
430 2649 509 2694 nam
531 2635 604 2695 tota
626 2634 774 2716 potestas
795 2631 1040 2698 mathematicae
1061 2651 1131 2696 non
1158 2634 1269 2716 potest
1294 2628 1360 2694 nisi

304 2731 342 2795 in
363 2732 625 2798 instrumentum
664 2732 862 2819 sphaericum
892 2735 995 2820 juxta
1031 2733 1211 2800 artificium
1248 2731 1359 2798 Ptolo·
1372 2739 1467 2819 Areu-

305 2834 381 2900 maei
413 2856 454 2900 sc.
477 2835 669 2922 Almagesti,
693 2835 730 2900 in
761 2857 827 2921 quo
851 2838 963 2902 omnia
989 2858 1063 2921 quaa
1090 2841 1169 2901 sunt
1200 2836 1237 2900 in
1275 2822 1474 2938 mom-‚g

304 2936 372 3001 suis
423 2937 689 3023 longitudinibus
730 2942 766 3002 et
795 2937 1031 3002 latitudinibus
1076 2943 1156 3003 sunt
1192 2937 1466 3023 desaiptauhere·

304 3039 488 3119 veraciter3
526 3039 616 3124 quod
654 3043 766 3104 autem
803 3044 993 3104 moveretur
1030 3038 1227 3105 naturaliter
1264 3045 1359 3104 motu

306 3139 426 3205 diurno
464 3163 534 3206 non
563 3145 614 3206 est
652 3142 688 3204 in
727 3141 952 3206 mathematici
991 3145 1163 3228 potestate.
1221 3141 1360 3227 Experi-

306 3247 474 3308 mentator
497 3247 609 3307 tamen
639 3241 747 3308 fidelis
776 3248 810 3308 et
841 3243 1043 3330 magnificus,
1066 3244 1109 3309 ad
1131 3244 1193 3310 hoc
1214 3243 1358 3322 anhelat,

306 3349 346 3408 ut
368 3366 410 3408 ex
433 3344 496 3410 tali
519 3345 661 3410 materia
681 3345 784 3426 fieret,
809 3352 844 3412 et
865 3350 962 3413 tanto
977 3347 1125 3425 artificio
1149 3347 1238 3435 quod
1260 3352 1358 3413 matu-

304 3445 419 3510 raliter
441 3446 563 3511 coelum
586 3453 680 3514 motu
704 3449 824 3514 diurno
847 3449 1056 3529 volveretur;
1079 3451 1168 3535 quod
1189 3451 1359 3517 videretur

305 3548 376 3612 fieri
400 3570 492 3634 posse
516 3551 671 3634 quoniam
695 3552 802 3616 multa
824 3556 919 3616 motu
942 3553 1125 3618 coelestium
1156 3553 1357 3633 deferuntur,

305 3655 345 3714 ut
367 3656 512 3730 cometae,
537 3657 571 3716 et
594 3653 734 3719 marein
752 3654 855 3733 fluxu,
873 3659 907 3719 et
922 3654 989 3718 alia
1003 3655 1040 3718 in
1055 3660 1136 3733 totu,
1161 3655 1217 3719 vel
1232 3655 1269 3718 in
1284 3677 1357 3740 par-

305 3752 395 3817 tibus
421 3753 508 3833 suis;
547 3755 636 3839 quod
658 3760 742 3820 esset
765 3756 872 3841 majus
894 3756 1089 3822 miraculum
1119 3779 1218 3842 quam
1249 3756 1359 3822 omnia

306 3854 482 3933 antedicta,
499 3860 533 3921 et
548 3856 705 3923 utilitatis
729 3858 822 3943 quasi
844 3858 994 3925 infinitae.
1033 3858 1122 3922 Nam
1144 3864 1225 3924 tunc
1248 3858 1360 3924 omnia

305 3957 531 4024 instrumenta
552 3961 764 4028 astronomiae
795 3967 968 4041 cessarent,
992 3967 1062 4027 tam
1085 3961 1238 4049 specialia
1259 3983 1359 4048 quam

305 4061 463 4147 vulgata:
488 4084 548 4127 nec
570 4063 723 4130 thesauro
745 4065 846 4130 unius
868 4066 956 4152 regis
978 4070 1088 4152 posset
1110 4064 1301 4152 comparari.

351 4164 397 4229 Et
418 4164 496 4230 licet
510 4188 578 4231 non
601 4173 763 4253 quantum
778 4169 821 4234 ad
843 4168 1046 4246 miraculum,
1062 4173 1175 4234 tamen
1198 4173 1359 4255 quantum
1371 4172 1499 4228 Artifleial

305 4267 348 4335 sd
379 4267 561 4335 utilitatem
592 4270 760 4357 publicam
791 4276 827 4337 et
859 4271 1034 4359 privatam,
1066 4271 1191 4358 majora
1223 4276 1359 4359 possunt
1371 4258 1405 4356 ⁸⁶⁰
1405 4242 1439 4296 ιὰ

819 4475 852 4481 ⁸·-
860 4473 986 4481 ··-·--··“-·’
993 4474 1037 4480 --
1046 4473 1353 4486 --—-—-——--—-——-—

339 4594 518 4664 meatum]
536 4598 604 4650 Ptin.
617 4598 684 4650 Hira
702 4597 747 4649 lib.
764 4603 806 4662 38,
898 4597 1023 4675 ἀπείπῃ]
1043 4614 1168 4663 seersum,
1184 4600 1216 4654 ab

306 4691 360 4741 cap.
374 4682 413 4728 20.
