3586 5640
719 776 809 827 orus
828 776 946 827 mua
1289 765 1355 829 869

361 945 428 1011 Sed
486 947 584 1011 aliter
640 952 777 1032 possunt
835 946 1034 1011 considerari
1078 946 1149 1012 haec
1193 947 1355 1013 elementa

308 1048 486 1113 seeundum
523 1047 702 1133 qualitates
745 1054 896 1132 quatuor,
941 1047 1093 1125 ualidum,
1137 1048 1267 1127 mecum,
1297 1049 1357 1112 hu·

308 1147 459 1226 midum,¹
490 1154 552 1214 eto.
581 1170 656 1234 quae
677 1155 840 1213 vooautur
865 1154 1008 1234 quatuor
1029 1148 1206 1233 qualitates
1236 1150 1356 1214 activae

308 1253 345 1315 et
387 1249 552 1337 pamivae:
604 1250 725 1314 siecum
768 1251 856 1314 euim
900 1255 937 1314 et
979 1249 1154 1313 humidum
1205 1251 1354 1337 pamivae,

308 1350 450 1417 <alidum
472 1360 508 1417 et
529 1351 686 1437 frigidum
707 1351 834 1416 activae
880 1351 926 1415 Et
947 1350 1026 1416 lieet
1047 1352 1167 1416 siecum
1189 1357 1225 1416 et
1246 1352 1358 1416 humi·

310 1450 390 1516 dum
426 1452 496 1516 aiut
531 1452 678 1537 passivae,
712 1451 826 1516 habito
863 1458 1011 1537 respectu
1040 1453 1083 1516 ad
1113 1451 1355 1518 vehementiam

310 1552 448 1617 aetionis
484 1551 583 1618 ualidi
619 1557 655 1617 et
688 1552 810 1639 ffigiffi,
847 1559 960 1618 tamen
996 1554 1175 1619 secuudum
1205 1576 1240 1619 se
1276 1560 1357 1617 sunt

310 1653 428 1720 aetivae
440 1679 450 1734 ;
471 1659 508 1719 et
535 1653 688 1718 similiter
715 1653 857 1718 ualidum
880 1660 917 1719 et
938 1655 1097 1741 frigidum
1128 1659 1208 1720 eunt
1237 1656 1356 1720 activae

311 1761 459 1841 respectu
495 1755 634 1820 alin-um
671 1755 880 1840 qualitatum,
912 1761 1084 1821 ettamen
1114 1757 1292 1823 seeundum
1322 1777 1356 1819 se

311 1862 390 1921 sunt
426 1856 573 1943 passivae
618 1855 705 1936 Quia
742 1856 936 1921 Aristoteles
973 1856 1068 1921 dooet
1104 1859 1204 1922 tertio
1241 1857 1357 1941 Physi-

312 1956 447 2023 oorum²
480 1964 515 2023 et
548 1957 633 2021 libro
667 1957 718 2022 De
741 1955 981 2022 Generatioue⁸
1002 1957 1091 2041 quod
1120 1958 1228 2022 omnis
1257 1979 1357 2044 agens

312 2057 445 2144 physiee
475 2060 605 2145 patitur
632 2066 669 2123 et
689 2080 708 2123 e
730 2079 892 2122 converso.
937 2057 974 2123 Si
1004 2079 1083 2144 ergo
1112 2059 1359 2123 oonsidereutur

312 2158 474 2225 elementa
493 2159 673 2225 secundum
695 2158 754 2222 has
780 2166 924 2244 quatuor
945 2159 1131 2244 qualitates,
1153 2170 1232 2225 tuuc
1253 2160 1359 2223 oritur

312 2261 492 2346 complexio
514 2261 550 2325 in
571 2259 678 2325 mixto
702 2261 755 2324 vel
776 2261 954 2325 seeundum
974 2260 1197 2344 aequalitatem
1219 2261 1357 2324 istamm

313 2367 455 2447 quatuor
485 2360 683 2448 qualitatum
707 2362 760 2426 vel
781 2361 965 2426 dominium
996 2351 1142 2447 alicujus
1187 2362 1360 2427 Elementa

313 2463 402 2527 enim
436 2464 537 2549 priori
565 2463 663 2528 modo
692 2463 897 2528 considerata
930 2462 1056 2529 faciunt
1092 2464 1359 2550 oompositionem

314 2564 421 2640 mixti,
468 2569 504 2629 et
548 2564 610 2631 hoo
663 2565 759 2630 modo
802 2565 930 2630 faciunt
973 2565 1238 2652 complexionem,
1286 2588 1360 2652 quae

315 2670 366 2728 est
387 2664 528 2749 qualitas
560 2688 758 2753 oonsurgens
779 2689 823 2732 ex
845 2668 1034 2752 aequalitate
1066 2667 1184 2733 horum
1218 2674 1361 2754 quatuor

315 2765 423 2831 velex
446 2767 590 2833 dominio
612 2768 760 2853 alicujus.
807 2769 882 2834 Hoc
904 2769 1008 2854 igitur
1034 2769 1130 2834 modo
1145 2769 1229 2833 bene
1251 2775 1361 2854 potest

314 2888 384 2933 esse
405 2870 577 2956 aequalitas
599 2892 684 2956 pura
713 2869 892 2935 secuudum
923 2870 1083 2933 virtutem
1106 2874 1141 2932 et
1163 2873 1360 2952 potestatem

317 2970 467 3049 activam,
492 2973 570 3037 licet
592 2993 658 3036 nou
681 2971 860 3035 seeundum
883 2969 1106 3052 quantitatem
1128 2988 1240 3032 earum
1263 2989 1361 3051 quam

315 3072 433 3138 medici
465 3078 587 3138 vooant
619 3072 756 3158 pondus,
779 3070 865 3135 sicut
896 3069 961 3133 erit
992 3068 1029 3131 in
1060 3068 1250 3152 corporibus
1287 3074 1363 3152 post

314 3174 591 3236 resurrectionem.
658 3172 703 3234 Et
736 3171 809 3235 ideo
847 3191 914 3233 non
951 3167 1017 3233 erit
1046 3167 1158 3253 aliqua
1186 3167 1364 3233 alteratio⁴

316 3271 423 3336 mixto
445 3272 514 3334 tali.
553 3271 642 3334 Nam
663 3271 722 3335 ubi
744 3270 916 3357 aequslitas
937 3270 1160 3356 potentiarum
1182 3270 1363 3335 activorum

317 3377 368 3436 est
390 3391 457 3435 non
480 3373 588 3455 potest
611 3392 678 3437 esse
694 3373 868 3459 oorruptio,
892 3372 1070 3437 seeundum
1086 3371 1298 3438 Amatotelem
1314 3395 1363 3438 se·

318 3472 424 3537 cundo
448 3470 771 3556 Metaphysioorum.⁵
814 3472 860 3538 Et
882 3471 1061 3537 seeundum
1076 3473 1245 3559 Averoym
1267 3495 1365 3559 super

320 3573 498 3639 Decimum.
546 3572 645 3639 Unde
668 3573 818 3660 Averoys
840 3575 951 3660 arguit
972 3574 1018 3638 ibi
1040 3579 1156 3638 eontra
1180 3574 1364 3652 Gulienum,

319 3680 376 3763 qui
409 3679 519 3765 posuit
551 3678 588 3742 in
619 3678 752 3743 homine
774 3678 884 3764 aliquo
918 3678 1174 3764 complexionem
1197 3679 1364 3762 aequalem.

320 3778 408 3843 Nam
422 3786 503 3844 tuno
536 3779 646 3867 arguit
675 3781 827 3866 Averoys
847 3779 935 3865 quod
961 3779 1017 3844 ille
1046 3785 1131 3844 esset
1162 3778 1366 3857 immortalis,

320 3881 400 3966 quia
414 3902 481 3946 non
496 3887 580 3946 esset
595 3881 689 3958 aetio,
705 3902 765 3947 neo
777 3881 893 3967 passio,
914 3901 974 3946 neo
996 3879 1150 3944 alteratio
1173 3879 1249 3944 talis
1269 3878 1367 3943 mixti

320 3986 452 4068 propter
474 3982 706 4067 aequalitatem
762 3983 808 4048 Et
837 3982 912 4048 ideo
946 4003 1006 4048 neo
1040 3981 1213 4067 oonuptio.
1261 3978 1369 4044 Causa

320 4104 398 4148 vero
424 4084 559 4170 praeeisa
580 4083 768 4170 hujusmodi
792 4084 840 4149 rei
858 4089 908 4149 est
930 4083 1018 4170 quod
1034 4082 1206 4167 aequalitas
1228 4081 1368 4167 qualita-

321 4188 392 4250 tum
415 4186 662 4252 elementarium
678 4191 728 4252 est
746 4185 900 4251 ultimum
924 4185 1010 4271 quod
1034 4183 1173 4248 materia
1196 4180 1368 4265 desiderat,

689 4324 782 4331 -——
799 4321 1133 4332 ---——---————-·--
1160 4320 1199 4326 ---
1217 4318 1227 4327 0
1254 4317 1290 4326 ιιι

355 4390 363 4420 ¹
375 4388 506 4455 tumidam]
520 4389 609 4440 cahu.
624 4389 660 4440 sie
669 4398 725 4451 eto,
737 4389 792 4442 ΜΒ.
903 4387 1047 4453 ‘alteratioJ
1066 4386 1093 4436 iu
1110 4384 1168 4436 MS.
1185 4386 1222 4435 uit
1232 4383 1297 4445 loiu3
1316 4400 1370 4436 eor·

355 4466 543 4534 meysam]
558 4467 592 4518 iii.
607 4473 628 4518 l.
870 4467 952 4523 reeted
964 4467 992 4516 iu
1010 4481 1026 4517 a
1042 4479 1111 4515 more
1124 4471 1209 4515 reoeut
1219 4464 1286 4514 haud
1298 4480 1326 4514 aa
1343 4465 1370 4513 in

353 4545 415 4595 'De
440 4545 612 4613 Genoulioae]
647 4547 687 4598 De
709 4547 820 4600 Genera·
870 4547 913 4597 the
924 4553 986 4596 text

320 4626 387 4676 tione
399 4624 519 4687 Animal,
529 4624 562 4677 iv.
577 4631 601 4676 3.
904 4620 1160 4688 *MeuplysieoranJ
1174 4620 1200 4671 ii.
1214 4626 1238 4671 4.

404 4721 480 4770 voL.
504 4721 525 4769 1.
1168 4715 1192 4763 Δ
1215 4713 1238 4761 Α
