3586 5640
733 768 820 818 orus
841 770 958 820 ursus
1304 756 1369 825 373

322 936 409 1004 tione
443 941 656 1006 instrumenti
687 947 796 1007 tactus
817 947 852 1007 et
873 942 1006 1008 laesione
1028 965 1130 1029 usque
1153 943 1196 1008 ad
1226 943 1368 1029 aliquem

318 1040 457 1125 gradum
483 1065 557 1127 qum
579 1066 646 1108 non
669 1043 777 1109 aufert
798 1043 1043 1128 [equalitatem
1070 1050 1104 1108 et
1127 1045 1205 1129 quia
1227 1045 1296 1109 hmo
1318 1053 1369 1113 est

317 1143 404 1206 aetio
428 1144 597 1230 tangibilis
629 1145 816 1209 exoelientis
843 1150 877 1209 et
899 1145 1193 1230 inproportionalis,
1219 1144 1265 1208 sie
1287 1145 1368 1211 affli-

317 1245 395 1326 get;
418 1244 498 1329 quia
512 1266 590 1309 vero
612 1267 678 1310 uon
694 1245 788 1311 tollet
811 1245 1035 1331 aequalitatem
1059 1245 1122 1310 erit
1136 1243 1270 1309 afflietio
1293 1268 1367 1331 per·

317 1347 425 1425 petua,
449 1350 484 1409 et
506 1344 582 1410 lieet
605 1347 827 1432 aequalitatem
851 1369 918 1412 non
946 1345 1041 1412 tollet
1073 1351 1184 1411 tamen
1207 1347 1365 1430 aequalem

317 1443 536 1510 substantiam
558 1447 657 1513 laedet
679 1453 714 1513 et
736 1449 809 1514 ideo
833 1447 964 1534 affliget.

363 1544 507 1631 Corpora
544 1571 622 1614 vero
653 1550 737 1616 Adae
770 1555 805 1615 et
840 1549 921 1614 Evae
954 1553 1028 1634 post
1064 1552 1231 1634 peecatum
1263 1569 1364 1614 rems·
1378 1569 1511 1622 camos

316 1650 432 1711 serunt
453 1646 549 1734 longe
572 1651 645 1735 plus
665 1651 708 1716 ab
735 1651 925 1736 aequalitate
948 1672 1048 1734 quam
1079 1651 1115 1713 in
1145 1654 1237 1714 statu
1270 1651 1364 1716 inno-
1377 1636 1512 1754 theuhprft-

316 1747 442 1824 eentiae,
472 1751 530 1815 sed
558 1759 669 1816 tamen
700 1758 848 1838 respectu
879 1752 1068 1816 mortalium
1105 1773 1276 1837 oorporum
1313 1717 1455 1819 hisinrttni3

315 1845 431 1913 diebus
464 1850 606 1916 multum
638 1858 842 1918 accesserunt
875 1851 918 1916 ad
955 1852 1186 1936 aequalitatem,
1226 1856 1261 1916 et
1289 1853 1363 1919 ideo
1482 1896 1487 1911 ι

315 1946 373 2012 diu
395 1957 575 2036 potuerunt
590 1954 724 2032 vivere;
747 1958 781 2018 et
803 1952 881 2038 quia
903 1953 1038 2016 fuerunt
1060 1952 1222 2037 sapientia
1243 1974 1365 2039 magna

314 2051 445 2134 praediti
468 2055 739 2139 exoogitaverunt
762 2074 858 2117 omne
889 2053 1033 2138 regimen
1066 2053 1219 2117 sanitatis
1241 2058 1275 2118 et
1297 2075 1364 2120 me-

296 2149 438 2244 ¹diuinas
469 2159 608 2218 secretas
631 2155 750 2238 quibus
787 2156 936 2219 senectus
972 2152 1211 2232 retardabatur,
1235 2156 1269 2218 et
1291 2154 1364 2239 qui·

315 2250 377 2314 bus
409 2275 484 2317 oum
506 2255 600 2319 venit
622 2254 732 2339 potuit
753 2254 922 2340 mitigari;
965 2257 1000 2319 et
1030 2253 1092 2318 filii
1129 2275 1241 2318 eorum
1287 2255 1364 2320 Hoet

314 2352 460 2437 regimen
496 2355 663 2420 habebant
689 2365 722 2419 et
759 2357 984 2442 experimenta
1013 2359 1128 2420 eontra
1151 2360 1361 2435 senectutem,

313 2454 392 2537 quia
429 2455 520 2520 Deus
557 2477 611 2521 eos
648 2456 829 2521 illustravit
866 2456 956 2521 omni
990 2455 1160 2542 sapientia,
1183 2456 1363 2520 secundum

312 2556 401 2639 quod
431 2556 556 2623 declaro
578 2559 614 2622 in
644 2559 784 2624 seeundo
814 2561 967 2636 traetatu,
999 2561 1034 2621 et
1055 2556 1130 2621 ideo
1159 2556 1218 2621 diu
1249 2558 1362 2622 vivere

311 2662 490 2741 potuerunt
526 2663 561 2724 et
598 2660 759 2746 praeeipue
796 2680 900 2745 usque
932 2658 975 2723 ad
998 2657 1070 2722 Noe
1101 2663 1136 2722 et
1165 2657 1250 2722 filios
1272 2679 1359 2722 suos.

312 2757 400 2822 Nam
432 2759 508 2825 Sem
545 2760 633 2826 filius
670 2761 743 2827 Noe
773 2760 862 2824 vixit
891 2760 934 2824 ad
964 2759 1270 2844 quinquagesimum
1302 2779 1360 2820 an·

311 2881 391 2924 num
420 2860 525 2926 Jaoob
561 2863 763 2948 patriarchas,
786 2862 871 2925 siout
893 2860 974 2923 dicit
1010 2858 1243 2941 Hieronymus,
1281 2877 1360 2939 quo-

311 2962 400 3026 niam
426 2967 501 3048 post
527 2964 701 3028 Diluvium
725 2960 1017 3026 terrevasteneium
1040 2958 1172 3020 fuerant
1194 2954 1360 3019 debilitati

310 3062 345 3126 in
383 3064 613 3150 complexione.
676 3064 721 3127 Et
759 3061 878 3126 defecit
915 3056 1077 3144 paulatim
1107 3055 1165 3119 ille
1198 3055 1361 3140 sapientia

309 3166 477 3250 regiminis
521 3165 682 3230 sanitatis.
752 3163 796 3227 Et
845 3160 919 3224 ideo
975 3157 1122 3222 homines
1167 3157 1240 3219 nati
1284 3161 1360 3241 post
1441 3172 1444 3182 ·

311 3266 483 3329 Diluvium
516 3288 584 3329 non
618 3267 796 3351 potuerrmt
829 3265 900 3326 tam
934 3257 993 3323 diu
1022 3257 1134 3322 vivere
1164 3257 1249 3322 siout
1271 3261 1357 3322 ante.

309 3366 440 3430 Accidit
476 3371 588 3430 temen
625 3365 747 3451 pluries
783 3365 821 3427 in
857 3362 919 3426 hoe
956 3359 1079 3423 mundo
1116 3363 1229 3444 postea
1267 3359 1356 3444 quod

310 3467 458 3530 homines
481 3466 539 3530 diu
561 3466 727 3540 vixerunt,
761 3469 800 3529 ut
823 3484 881 3550 per
913 3461 1035 3525 multos
1057 3481 1218 3524 annorum
1249 3465 1358 3525 oente-

309 3569 419 3632 narios
442 3567 527 3631 sieut
552 3567 618 3631 fuit
639 3565 811 3631 notatum¹
836 3564 872 3628 in
901 3565 1046 3627 tractatu
1068 3561 1279 3624 scientiarum
1301 3581 1358 3622 ex-

310 3669 581 3755 perimentalium
629 3667 674 3731 Et
705 3666 755 3730 illi
779 3663 905 3730 reducti
937 3670 1017 3727 sunt
1050 3662 1092 3725 ed
1124 3660 1246 3746 gradus
1282 3680 1356 3743 pro·

306 3771 495 3858 pinquiores
527 3767 709 3854 aequalitati
740 3788 839 3851 quam
869 3785 938 3829 nos.
986 3762 1032 3826 Et
1054 3762 1115 3826 hoe
1136 3781 1195 3846 per
1218 3763 1357 3824 secretas
1369 3777 1518 3830 Wonderrur

308 3874 494 3948 medicinas,
519 3871 604 3935 sieut
626 3868 674 3932 ibi
698 3873 828 3954 tango;
858 3871 892 3930 et
922 3864 1023 3930 etiem
1053 3860 1157 3946 aliqui
1180 3860 1240 3924 diu
1261 3859 1354 3924 rixa
1367 3842 1518 3977 {gmssyfff

307 3984 386 4040 runt
408 3975 479 4038 sine
512 3971 728 4047 nutrimento,
751 3973 791 4033 ut
813 3965 933 4032 nostris
966 3961 1171 4048 temporibus
1192 3959 1259 4025 fuit
1288 3975 1400 4026 unavi

308 4075 426 4140 mulier
448 4075 484 4138 in
499 4070 621 4159 Anglia
642 4072 678 4135 in
701 4069 823 4134 diooesi
847 4064 1058 4141 Norwioensi,
1083 4083 1157 4148 quae
1179 4081 1248 4125 non
1270 4081 1356 4125 eom·
1367 4050 1520 4159 fflrffmr

307 4176 410 4241 medit
432 4197 491 4261 per
512 4197 569 4238 xrs
592 4193 704 4250 annos,
729 4176 764 4235 et
788 4169 852 4234 fuit
874 4166 1006 4253 pinguis
1029 4167 1064 4228 et
1086 4163 1122 4226 in
1144 4161 1232 4227 bono
1254 4165 1352 4240 statu,
1367 4173 1478 4234 vich,in

306 4275 429 4341 nullam
463 4275 722 4361 superfluitatem
754 4269 909 4336 emittens
932 4267 972 4330 de
994 4283 1135 4350 corpore,
1170 4263 1256 4328 siout
1279 4283 1354 4349 pro·
1366 4239 1472 4370 ἔπ’·

304 4376 398 4442 bavit
420 4376 589 4462 episcopus
623 4396 681 4460 per
703 4371 834 4437 fidelem
856 4365 1145 4433 examinationem.
1194 4362 1265 4429 Neo
1288 4363 1353 4428 fuit

685 4617 691 4647 ¹
705 4613 823 4680 notatam]
841 4611 976 4664 uncertain.
