3586 5640
721 796 809 847 orus
831 797 948 848 ursus
1303 783 1371 859 357

316 964 486 1032 merabilia
517 967 586 1031 sint
615 969 765 1055 exempla
797 970 1013 1055 corruptionis
1036 971 1233 1056 hujusmodi,
1257 976 1370 1040 tamen

315 1072 445 1154 oportet
468 1069 512 1134 ad
533 1070 599 1135 alia
620 1069 781 1136 festinare.
828 1071 987 1157 Sequitur

361 1268 429 1335 Sed
454 1271 549 1358 longe
572 1272 676 1357 major
698 1295 796 1338 causa
830 1273 947 1338 erroris
980 1273 1017 1339 in
1048 1295 1144 1338 sensu
1181 1273 1304 1339 literali
1334 1280 1368 1341 et
1380 1289 1519 1354 Ignorsncs

314 1371 479 1457 spirituali
502 1375 621 1439 accidit
651 1381 783 1462 propter
815 1374 1036 1462 ignorantiam
1067 1381 1101 1441 et
1133 1377 1367 1462 proprietatem
1380 1357 1529 1475 ffiffl‘

314 1496 423 1540 rerum
444 1477 481 1541 in
504 1476 681 1563 Scriptura.
727 1478 816 1542 Nam
854 1499 967 1543 sensus
1000 1477 1137 1543 literalis
1160 1479 1310 1547 consistit
1333 1480 1466 1567 iningpf

313 1597 424 1642 rerum
461 1580 589 1644 naturis
626 1583 661 1644 et
692 1581 956 1665 proprietatibus
993 1585 1031 1645 ut
1054 1600 1112 1665 per
1134 1581 1367 1646 convenientes
1380 1555 1516 1621 Scrrprare.

313 1679 543 1766 adaptationes
582 1689 617 1747 et
661 1683 892 1747 similitudines
935 1688 1150 1768 congruentes
1195 1682 1367 1748 eliciantur

313 1802 425 1848 sensus
447 1785 640 1870 spirituales.
686 1785 775 1849 Nam
796 1784 864 1851 laec
881 1788 931 1850 cst
946 1785 1002 1848 via
1022 1783 1154 1871 propria
1177 1783 1364 1871 Scriptura,

312 1889 347 1948 et
370 1883 440 1951 haec
462 1891 513 1952 est
533 1887 694 1974 expositio
717 1893 904 1952 sanctorum
927 1891 961 1951 et
984 1887 1130 1951 omnium
1153 1887 1364 1973 antiquorum

312 1988 518 2073 sapientum3
541 1991 697 2074 quoniam
727 2011 838 2053 omues
864 1989 969 2054 sancti
1001 1994 1035 2054 et
1065 1989 1228 2076 sapientes
1258 2012 1364 2055 recur-

195 2110 204 2119 ·
312 2095 392 2154 runt
414 2093 450 2156 in
483 2093 573 2157 omni
604 2092 763 2157 vocabulo
795 2092 837 2156 ad
871 2096 1024 2156 naturam
1057 2096 1091 2156 et
1128 2092 1363 2179 proprietatem

311 2212 422 2257 rerum
441 2194 481 2258 de
497 2193 633 2278 quibuss
648 2194 677 2258 it
699 2216 811 2258 sermo
851 2193 896 2259 Et
918 2193 1024 2280 primo
1047 2190 1280 2259 contemnuut¹
1298 2193 1364 2259 his-

311 2295 431 2360 toriam
465 2296 651 2361 naturalem
685 2295 830 2381 ipsarum
854 2317 961 2360 rerum
984 2295 1021 2359 in
1051 2317 1117 2380 qua
1139 2300 1207 2360 stat
1229 2296 1364 2361 literulis

311 2418 425 2463 sensus
437 2422 445 2477 3
476 2397 593 2463 deinde
617 2396 754 2463 eliciunt
781 2419 854 2462 cum
886 2397 975 2461 omni
1005 2397 1171 2462 suavitate
1193 2399 1363 2484 sapientire

310 2520 424 2565 sensus
447 2500 641 2587 spirituales.
697 2500 743 2564 Et
779 2500 841 2564 hoc
874 2501 1048 2566 confirmat
1084 2500 1291 2587 Augustinus
1329 2501 1364 2565 in

310 2599 396 2667 libro
419 2602 470 2667 De
495 2600 652 2668 Doctrina
668 2601 853 2668 Christiana
878 2624 936 2688 pcr
958 2602 1064 2667 multa
1079 2602 1235 2690 exempla
1274 2603 1363 2667 Nam

312 2704 369 2769 ubi
393 2704 530 2770 dicitur:
557 2704 705 2770 “Estote
720 2704 898 2791 prudentes
920 2705 1006 2769 sicut
1027 2711 1201 2791 serpentes
1230 2710 1265 2771 et
1286 2706 1362 2769 sim-

313 2806 437 2893 “pliccs
474 2807 559 2873 sicut
600 2806 807 2873 columbae:'’
853 2806 961 2870 voluit
1000 2807 1161 2870 Dominus
1195 2807 1363 2892 Apostolia

310 2908 475 2974 insinuare
507 2916 546 2974 ut
577 2908 768 2996 intelligant
798 2913 952 2972 naturam
975 2913 1009 2971 et
1033 2908 1267 2991 proprietatem
1297 2931 1362 2971 ser·

310 3013 419 3098 pontis
448 3018 483 3077 et
509 3012 690 3092 columbae;
725 3016 763 3074 ut
793 3010 878 3074 sicut
913 3029 1045 3094 serpens
1082 3029 1141 3093 pro
1176 3007 1362 3072 defensione

234 3164 239 3171 -
309 3115 426 3200 capitis
454 3119 564 3179 totum
587 3135 702 3199 corpus
725 3111 869 3176 involvit
901 3115 936 3174 et
959 3108 1103 3194 exponit,
1127 3109 1173 3172 sic
1196 3116 1230 3174 et
1252 3109 1361 3176 Chris-

309 3216 420 3281 tianus
447 3216 544 3280 debet
569 3215 680 3278 omnia
704 3235 778 3299 quae
805 3235 864 3277 sua
886 3216 965 3276 srmt
988 3233 1149 3298 exponere
1172 3233 1231 3298 pro
1254 3214 1361 3299 cupite

308 3340 368 3382 suo
392 3317 415 3381 J
418 3338 476 3379 esu
503 3316 643 3394 Christo,
671 3336 899 3400 necunquam
927 3319 1041 3378 contra
1070 3314 1169 3378 fidem
1199 3313 1301 3380 faciat
1327 3321 1361 3380 et

308 3440 459 3484 amorem.
512 3416 653 3480 Etcum
692 3416 878 3481 columbina
914 3417 1105 3503 simplicitas
1141 3438 1209 3481 non
1238 3417 1360 3484 habeat

308 3520 482 3599 asininum,
495 3541 555 3584 nec
570 3519 715 3605 vulpinae
730 3519 908 3585 mentiatur
923 3518 1143 3605 simplicitatis
1154 3519 1359 3605 figmentum,

308 3623 409 3688 habet
424 3628 536 3687 tamen
559 3621 720 3686 cautelam
743 3621 922 3707 simplicem
938 3622 968 3685 ei
983 3623 1141 3699 innatam,
1158 3626 1197 3685 ut
1219 3622 1360 3686 libenter

302 3725 403 3811 juxta
424 3725 512 3811 ripas
538 3745 697 3808 aquarum
723 3723 843 3801 sedeat,
873 3728 1035 3810 quatenus
1057 3724 1169 3787 avium
1193 3725 1359 3809 rapacium

307 3826 491 3893 volantium
515 3828 550 3891 in
573 3831 646 3890 aere
669 3847 728 3912 per
750 3826 970 3892 reflectionem
993 3826 1171 3913 specierum
1187 3825 1230 3889 ab
1253 3825 1300 3890 eis
1325 3826 1359 3889 in

307 3930 474 4016 superficie
516 3950 675 4014 aquarum
706 3928 902 4005 cadentium,
927 3950 1039 3993 earum
1076 3928 1358 4015 propinquitatem

305 4032 548 4118 apprehendat:
588 4033 721 4172 propter
747 4028 834 4171 guod
859 4030 1072 4172 canticorum
1094 4028 1236 4173 dicitruf

440 4133 458 4172 ἕ
902 4134 920 4173 s

351 4237 445 4302 Etsi
468 4192 605 4302 sciretur
631 4241 703 4302 tota
733 4236 894 4323 sapientia
922 4235 1136 4323 philosophice
1167 4258 1241 4302 cum
1264 4235 1357 4304 theo·

305 4338 401 4427 logia,
426 4341 526 4404 immo
555 4340 723 4405 videretur
756 4344 836 4405 tunc
867 4338 995 4404 utilitas
1025 4338 1246 4427 philosophiae,
1278 4341 1357 4428 quia

340 4585 345 4612 ¹
358 4582 521 4646 canteranum]
541 4589 635 4645 tepunl,
648 4582 702 4632 MS.
862 4579 980 4645 ²dr'cilar]
996 4580 1051 4631 The
1062 4583 1143 4634 scribe
1155 4582 1200 4634 has
1208 4583 1268 4634 here
1280 4583 1355 4635 omit·

835 4659 877 4709 ted
888 4675 903 4709 a
914 4659 971 4709 line.
