3586 5640
314 782 380 869 1x.]
650 797 881 849 consuamus
903 798 1029 849 srunn.
1301 782 1366 847 503

313 995 393 1039 vero
424 973 634 1040 semivocales
671 975 829 1040 dicuntur
861 973 1005 1059 liquide,
1029 977 1100 1038 tam
1122 972 1212 1058 apud
1235 971 1365 1039 Grecos

313 1098 413 1162 quom
446 1076 591 1143 Latinos.
648 1075 695 1141 Et
732 1077 887 1142 dicuntur
917 1075 1060 1161 liquidae,
1084 1078 1125 1139 ut
1157 1073 1238 1139 dicit
1275 1072 1366 1139 Pris-

313 1180 434 1260 cianus,
458 1179 536 1264 quia
560 1178 650 1245 facili
672 1179 808 1265 produci
830 1183 865 1244 et
887 1178 1008 1265 corripi
1026 1181 1164 1264 possunt
1186 1176 1365 1242 seeundum

314 1281 404 1367 quod
437 1280 576 1346 diversis
614 1281 720 1348 literis
751 1281 826 1346 aliis
858 1280 1112 1368 conjunguntur,
1137 1284 1172 1344 et
1203 1279 1277 1344 ideo
1316 1279 1368 1343 di-

313 1389 435 1448 cuntur
467 1383 653 1470 liquescere,
678 1389 713 1450 et
743 1384 853 1462 fluere,
878 1388 913 1450 et
935 1382 1107 1449 instabiles
1141 1402 1209 1448 esse
1240 1382 1277 1446 in
1307 1403 1367 1446 sua

313 1490 441 1552 nature.
487 1487 655 1553 Dicuntur
684 1487 786 1553 etiam
816 1486 951 1574 liquidae
983 1485 1062 1572 quia
1094 1485 1136 1550 de
1168 1481 1257 1550 ieoili
1294 1505 1367 1548 mu·

313 1593 429 1654 tantur
451 1589 573 1655 desua
595 1593 761 1678 potestate
775 1595 810 1656 et
831 1589 1032 1676 proprietate
1056 1592 1219 1675 quantum
1242 1585 1367 1651 habent

312 1690 395 1755 alias
416 1692 453 1757 in
474 1697 589 1772 metro,
628 1693 714 1759 sicut
744 1697 934 1778 exponetur.
989 1690 1078 1756 Nam
1109 1691 1200 1779 apud
1231 1689 1367 1755 Latinos

313 1798 456 1878 quatuor
477 1800 557 1861 sunt
579 1795 722 1881 liquidae,
739 1794 862 1860 scilicet
885 1793 906 1871 l,
931 1815 976 1874 m,
999 1816 1035 1874 ot,
1059 1815 1087 1870 r,
1112 1799 1151 1858 ut
1175 1791 1255 1858 dicit
1279 1790 1367 1854 Pris-

240 1930 244 1935 ·
313 1895 424 1962 cianus
436 1922 445 1978 ;
475 1903 510 1964 et
533 1897 750 1963 nihilominus
779 1895 972 1983 liquescrmt.
1019 1894 1211 1982 Aliquando
1233 1892 1366 1980 quidem

312 2019 332 2063 r
355 1999 516 2086 liquescit,
539 2022 615 2067 cum
634 2000 765 2082 dicitur,
788 1996 1052 2065 Alexandreide:

615 2171 633 2198 u
650 2162 735 2230 cum
757 2160 862 2249 aare
884 2158 1055 2227 nauem
1105 2168 1109 2176 ⁴

314 2324 402 2408 Quia
430 2350 497 2396 non
528 2327 680 2416 producit
710 2327 851 2417 primum
882 2325 1045 2414 syllabam
1076 2323 1174 2411 hujus
1212 2321 1367 2392 dictionis

309 2429 432 2517 potita.
479 2431 577 2514 Quod
598 2436 713 2498 tamen
734 2430 815 2497 facit
836 2429 926 2518 apud
948 2428 1151 2495 Theodolum
1178 2450 1253 2496 cum
1283 2427 1366 2493 dici·

313 2537 389 2599 ιω.
553 2631 571 2658 “
585 2622 720 2690 Patrem
742 2621 891 2711 sequitur
913 2643 973 2690 sua
994 2618 1130 2712 prolea''

313 2763 407 2831 Idem
429 2767 524 2851 patet
546 2763 588 2829 de
611 2762 625 2830 l
645 2763 682 2829 in
704 2761 851 2829 Thobia:

603 2909 622 2938 “
637 2901 758 2988 Replet
786 2897 915 2987 agenda
946 2897 1063 2964 sscra”

312 3015 359 3082 Et
379 3015 417 3081 in
438 3015 576 3082 ecdem:

619 3146 636 3173 “
652 3138 752 3206 saera
774 3136 904 3226 agenda
925 3132 1060 3223 replet.'’

313 3299 400 3367 Item
422 3320 459 3366 m
480 3299 639 3387 liquescit.
670 3298 832 3387 Virgilius
853 3298 890 3365 in
905 3296 1032 3364 decimo
1054 3293 1211 3363 AEneidos
1235 3292 1363 3385 [129.]:

314 3464 416 3531 “Nec
440 3460 576 3551 Clyti0¹
599 3462 750 3552 genitore
772 3463 881 3530 minor
894 3485 955 3531 nec
970 3461 1104 3531 traue”
1127 3462 1364 3552 [Menestheo].

312 3629 400 3696 Nam
423 3628 599 3717 corripitur
620 3629 741 3695 ultima
762 3628 862 3716 hujus
878 3627 1032 3695 dictionis
1046 3626 1168 3716 fratre.
1209 3629 1256 3694 Et
1278 3627 1367 3716 quod

311 3732 393 3798 alias
426 3731 589 3820 producat
624 3732 800 3820 vulgatum
833 3737 890 3799 est.
960 3731 1048 3797 Item
1074 3752 1103 3799 a
1131 3730 1291 3820 liquescit,
1326 3736 1367 3796 ut

313 3834 453 3901 Ovidius
484 3839 603 3923 quarto
631 3835 846 3924 Metamo1p.:

624 3989 884 4077 “Piscosamque
907 3987 1060 4056 Gnidon'

312 4125 409 4208 Quod
447 4130 560 4194 autem
581 4126 790 4215 eliquescat
820 4125 955 4194 cuilibet
988 4128 1092 4213 patet.
1153 4122 1183 4193 S
1213 4125 1368 4192 similiter

309 4230 461 4317 liquescit
492 4231 530 4297 in
562 4229 725 4320 principio
756 4229 921 4313 dictionis,
955 4233 996 4294 ut
1028 4227 1191 4296 Horatius
1221 4228 1259 4295 in
1293 4228 1368 4297 Scr-

309 4333 465 4400 monibus
491 4333 526 4422 [i
544 4336 574 4416 b,
591 4330 681 4423 35.]:
1275 4349 1276 4353 ’

549 4553 550 4557 ¹
582 4470 770 4538 “Ridentes
792 4469 930 4558 praemio
951 4466 1124 4537 scribae.''⁹

344 4697 352 4729 ¹
367 4696 460 4763 Clytio
480 4697 569 4764 Lycio,
581 4697 638 4751 MS.
827 4697 833 4768 Ι
857 4695 976 4764 'ocrem
989 4695 1195 4762 rudentasprima
1201 4694 1291 4757 scribe,
1297 4692 1355 4746 MSr
