3586 5640
310 776 407 866 arn]
700 796 786 847 orus
817 797 977 866 aramum
1302 787 1366 854 289

308 969 527 1037 Hebraeorum
564 971 607 1039 ad
645 993 792 1038 occasum
830 973 907 1039 solis
947 973 1164 1055 Hierusalem,
1192 974 1367 1043 'inveniet

304 1075 436 1160 plenam
469 1075 506 1138 in
528 1073 580 1139 his
614 1076 799 1142 veritatem.
845 1075 912 1141 Sed
934 1077 1087 1162 quamvis
1109 1099 1245 1156 εττοτεε,
1280 1101 1363 1165 quos

308 1177 508 1258 enumeravi,
546 1178 614 1243 sint
651 1179 824 1244 horribiles
857 1178 1037 1244 secundum
1071 1201 1114 1258 se,
1148 1185 1263 1246 tamen
1295 1204 1365 1248 non

312 1287 363 1345 est
397 1280 601 1367 comparatio
632 1280 676 1346 ad
707 1302 771 1361 eos,
796 1280 853 1367 qui
887 1302 930 1346 ex
947 1280 1019 1367 jam
1042 1281 1140 1348 dictis
1172 1289 1387 1370 sequuntur..

309 1381 398 1447 Nam
430 1387 522 1448 totus
554 1383 635 1448 ordo
669 1383 958 1448 ecclesiasticarum
996 1384 1248 1451 solemnitatum
1285 1407 1524 1468 con-'rampe

304 1484 457 1550 funditor
492 1505 551 1570 ρετ
586 1484 774 1570 hujusmodi
805 1485 1019 1572 primationes
1053 1508 1205 1552 erroneas
1244 1510 1360 1555 seeun-
1373 1479 1518 1599 ffiffier

306 1588 386 1651 dum
424 1586 661 1668 kalendarium,
699 1587 785 1653 sicut
821 1608 879 1673 ρετ
921 1588 1194 1673 aequinoctiorum
1240 1590 1360 1657 falsam
1373 1612 1531 1679 ormeyesr

306 1687 529 1755 Ηττεὴὶοττετττ.1
586 1688 631 1755 Et
662 1711 704 1754 ne
726 1688 874 1755 differam
905 1689 942 1754 in
969 1690 1050 1756 alios
1084 1712 1187 1757 annos
1222 1693 1265 1758 ad
1291 1677 1499 1797 ενί-ξιῇξὶξξᾱ

307 1792 453 1858 dentiam
490 1791 587 1858 istius
624 1791 749 1870 erroris,
789 1789 902 1878 ponci
944 1813 1054 1858 casum
1097 1793 1134 1858 in
1171 1794 1232 1859 hoc
1271 1817 1359 1863 anno
1373 1826 1476 1876 quenee.

305 1909 499 1960 ncoaxvss.
558 1893 646 1958 Naar
678 1914 745 1958 non
772 1893 880 1959 solum
913 1894 1022 1959 media
1054 1895 1243 1981 conjunctio
1282 1897 1361 1963 solis

306 2001 341 2061 et
362 1996 451 2063 lunae
466 1997 502 2062 in
525 1995 586 2062 boc
608 2017 696 2061 anno
718 1995 784 2061 fuit
806 2000 901 2061 sexto
925 1995 1093 2061 Kalendas
1115 1997 1241 2083 Aprilis
1264 2020 1362 2086 super

308 2100 490 2178 cliteram,
524 2098 582 2163 sed
615 2099 723 2184 prima
755 2099 901 2164 accensio
938 2097 1025 2164 lunae
1058 2105 1093 2164 st
1122 2100 1206 2164 visio
1244 2101 1359 2187 primae

309 2199 402 2266 lunae.
464 2200 554 2286 Ergo
585 2199 666 2265 luna
698 2198 764 2265 fuit
798 2204 916 2285 quarta
949 2199 1076 2266 decima
1119 2203 1236 2287 quinto
1277 2204 1359 2269 Idus

309 2303 433 2389 Aprilis
471 2317 613 2388 supera
636 2301 792 2382 literam;
826 2307 861 2368 et
895 2307 1014 2388 quarta
1039 2305 1166 2370 decima
1195 2305 1274 2371 luna
1308 2313 1359 2373 est

308 2406 470 2470 terminus
526 2404 668 2484 Paschae,
713 2425 751 2469 ac
796 2403 971 2470 Dominica
1016 2427 1153 2491 sequens
1198 2412 1249 2473 est
1287 2409 1357 2475 dies

309 2506 462 2574 Paschae:
487 2527 587 2593 quare
610 2508 647 2572 in
662 2523 683 2571 Β
698 2507 795 2573 litera
817 2511 983 2592 sequente,
1001 2508 1123 2575 scilicet
1145 2510 1181 2575 in
1204 2511 1356 2591 crastino,

311 2608 463 2676 videlicet
492 2615 610 2695 quarto
641 2608 722 2674 Idus
751 2608 884 2696 Aprilis,
918 2609 1017 2677 debet
1039 2633 1108 2677 esse
1131 2613 1200 2678 dics
1223 2613 1358 2680 Paschae

307 2713 486 2778 secundum
509 2712 691 2780 veritatem.
760 2711 827 2778 Sed
848 2712 946 2778 modo
968 2713 1166 2779 transfertur
1188 2736 1291 2800 usquo
1313 2717 1356 2783 ad

308 2821 381 2881 octo
404 2815 473 2881 dies
503 2813 601 2896 ultra,
633 2818 768 2902 propter
800 2814 1032 2901 primationem
1058 2821 1224 2902 sumptam
1254 2817 1356 2902 juxta

307 2940 442 2983 aureum
465 2939 646 2983 numerum
701 2916 792 2981 Nam
826 2937 943 2981 aureus
972 2937 1128 2981 numerus
1150 2917 1247 2983 istius
1278 2920 1358 2983 anni

306 3026 358 3085 est
380 3021 524 3086 decimus
546 3023 692 3105 quartus,
708 3018 765 3104 qui
786 3018 922 3105 ponitur
944 3018 1044 3083 tertio
1069 3017 1237 3084 Kalendas
1257 3019 1356 3106 Apri-

306 3123 347 3189 lis
370 3145 467 3210 supsr
496 3122 677 3189 alitemm.
734 3121 780 3185 Et
803 3120 850 3184 ibi
874 3120 993 3186 dicitur
1015 3141 1083 3185 esse
1116 3120 1271 3208 primatie
1305 3145 1354 3188 se·

307 3227 450 3292 cundum
482 3223 734 3291 kalendarium:
774 3227 809 3288 et
831 3222 906 3287 ideo
939 3222 1116 3287 secundum
1153 3223 1215 3289 hoc
1237 3231 1357 3311 quarta

306 3328 432 3395 decima
453 3327 540 3405 luna,
564 3349 637 3412 quae
661 3330 711 3392 est
734 3325 895 3391 terminus
918 3324 1061 3404 Paschae,
1083 3329 1133 3391 est
1148 3327 1253 3413 pridie
1277 3328 1357 3393 Idus

307 3430 451 3517 Aprilis3
482 3433 517 3494 et
539 3429 576 3495 in
608 3428 782 3493 Dominica
814 3431 969 3512 sequente
1000 3426 1189 3514 assignatur
1224 3429 1356 3510 Pascha,

305 3532 430 3598 scilicet
464 3529 729 3617 quintodecimo
754 3529 921 3595 Kalendas
944 3527 1036 3609 Maii,
1070 3534 1106 3595 et
1126 3531 1172 3597 sic
1194 3552 1253 3617 per
1283 3538 1356 3597 octo

306 3634 375 3701 dies
398 3633 486 3699 ultra
507 3633 692 3698 veritatem.
736 3630 947 3718 Quapropter
968 3631 1157 3698 solemnitas
1180 3634 1356 3714 Paschalis,

305 3759 371 3822 qua
393 3736 535 3802 mundus
556 3734 712 3813 salvatur,
728 3756 795 3799 non
810 3731 1030 3799 celebrabitur
1051 3738 1198 3821 tempore
1220 3756 1299 3815 suo;
1322 3740 1357 3800 et

301 3839 473 3924 jejunatur
504 3839 565 3904 hoc
602 3859 689 3902 anno
734 3858 792 3924 ρετ
823 3839 929 3900 totam
968 3836 1185 3923 septimanam
1223 3836 1356 3903 Paschae

308 3964 440 4021 veram;
472 3963 549 4005 nam
572 3938 737 4026 jejunium
770 3936 960 4002 extenditur
991 3959 1050 4024 ρετ
1072 3943 1145 4004 octo
1180 3938 1250 4002 dies
1281 3940 1354 4026 plus

304 4065 402 4129 quam
425 4043 566 4109 deberet
623 4041 668 4106 Et
691 4045 772 4106 tunc
801 4038 949 4124 sequitur
983 4038 1075 4103 aliud
1112 4039 1354 4119 inconveniens,

302 4147 390 4232 qnod
412 4169 471 4233 per
493 4151 566 4213 octo
589 4145 659 4210 dies
681 4143 809 4210 tardius
838 4140 1057 4229 incipiebatur
1084 4141 1249 4227 jejunium
1276 4165 1355 4228 qua·

304 4248 526 4335 dragesimale.
573 4248 662 4335 Ergo
701 4242 882 4312 Christiani
915 4243 1132 4310 comedebant
1169 4266 1282 4310 carnes
1316 4247 1352 4310 in

304 4374 383 4416 vera
405 4351 653 4439 quadragesima
675 4371 733 4437 ρετ
759 4353 832 4415 octo
856 4347 947 4426 dies;
981 4347 1070 4432 quod
1091 4352 1142 4413 est
1164 4347 1351 4414 absurdum.

304 4455 350 4520 Et
372 4455 492 4520 iterum
515 4459 597 4520 tunc
612 4475 671 4518 nec
687 4452 896 4539 Rogationes,
911 4444 980 4515 ¹nec
995 4449 1162 4531 Ascensio,
1186 4472 1245 4516 nec
1267 4451 1351 4517 Pen-
1478 4530 1481 4538 Ι

336 4685 505 4752 *flasconem
524 4685 696 4749 erroneas.
815 4679 822 4748 Ι
888 4679 981 4746 'rosal
996 4680 1111 4746 mass-

390 4783 464 4831 τοι.
482 4784 503 4831 1.
1198 4780 1219 4827 Τ
