3586 5640
444 715 510 787 278
822 729 951 780 soona
973 727 1120 779 ascoms
1280 729 1285 738 ·
1402 710 1491 800 [cnr.

444 895 526 959 Idus
549 893 749 970 Decembris,
772 892 832 958 ubi
853 914 943 958 nune
968 896 1019 958 est
1040 890 1232 970 solstitium,
1255 891 1342 957 fiunt
1372 911 1493 956 novem

444 997 524 1075 dies,
558 996 678 1081 quibus
710 995 860 1061 aseendit
889 995 951 1062 hoo
983 993 1172 1061 solstitium.
1220 993 1288 1060 Sed
1319 993 1363 1059 ab
1394 993 1494 1060 annis

443 1098 650 1185 probationis
697 1097 873 1190 Ptolomaei
917 1102 996 1163 sunt
1012 1129 1013 1133 ¹
1032 1118 1120 1163 nuno
1153 1097 1195 1162 de
1226 1096 1323 1162 annis
1356 1095 1494 1162 Domini

444 1201 536 1267 mille
558 1205 694 1267 centum
715 1200 840 1287 viginti
861 1203 1013 1286 septem3
1042 1200 1186 1285 eoquod
1209 1221 1298 1265 nuno
1319 1198 1365 1265 sit
1390 1219 1497 1264 annus

277 1306 345 1359 al).
361 1309 433 1357 12⁶⁷·
444 1302 582 1369 Domini
603 1302 799 1369 millesimus
820 1301 1065 1368 dueenteaimus
1085 1303 1308 1390 sexagesimus
1326 1301 1496 1389 septimus,

444 1406 606 1493 aquibus
628 1405 658 1471 si
680 1404 857 1472 demantur
886 1408 1020 1470 eentum
1050 1405 1281 1492 quadraginta,
1304 1405 1363 1492 qui
1391 1403 1496 1470 fluxe·

444 1514 523 1576 rant
543 1507 587 1574 ab
610 1507 844 1574 Inearnatione
865 1527 969 1594 usque
991 1507 1035 1572 ad
1063 1508 1295 1593 probationem
1316 1505 1498 1586 Ptolomaei,

392 1604 420 1663 '·
445 1609 665 1678 remanebunt
687 1609 779 1676 mille
800 1613 935 1676 eentum
956 1609 1080 1696 viginti
1102 1614 1238 1697 septem.
1283 1606 1350 1675 Sed
1372 1607 1409 1673 in
1430 1607 1499 1674 isto

444 1721 594 1801 tempore
630 1734 720 1779 nuno
763 1711 852 1778 dioto
894 1716 1027 1778 eentum
1064 1711 1188 1799 viginti
1225 1710 1373 1798 quinque
1416 1709 1499 1775 anni

445 1815 655 1903 reperiuntur
676 1815 800 1893 nonies,
824 1819 859 1880 et
880 1814 947 1880 duo
969 1811 1049 1879 anni
1071 1813 1183 1894 ultra;
1205 1817 1407 1900 quapropter
1435 1811 1498 1878 hoo

445 1924 585 2006 tempus,
607 1918 645 1984 id
666 1923 725 2000 est,
743 1922 877 1983 centum
897 1915 1191 2004 vigintiquinque
1213 1915 1301 1997 anni,
1317 1915 1398 1980 satis
1420 1935 1496 1980 oon·

445 2021 542 2087 venit
562 2042 637 2086 oum
659 2041 797 2086 numero
819 2040 982 2085 annorum
1005 2017 1153 2100 Christi;
1183 2025 1225 2084 ut
1254 2039 1382 2106 semper
1409 2038 1497 2083 unus

446 2124 574 2190 diesin
595 2129 692 2191 tanto
714 2129 862 2210 tempore
883 2122 1055 2188 minuatim
1075 2122 1117 2187 de
1140 2121 1331 2208 quantitate
1351 2119 1441 2198 anni,
1462 2124 1499 2185 et

447 2227 582 2293 denotet
602 2225 823 2292 mutationem
854 2224 991 2290 solstitii
1021 2229 1057 2290 at
1086 2223 1286 2310 aequinoctii.

491 2329 661 2395 Protestor
682 2334 795 2394 tamen
810 2327 899 2413 quod
913 2327 952 2393 in
964 2331 1062 2393 tanta
1076 2326 1270 2393 difficultate
1291 2347 1360 2394 non
1381 2325 1500 2413 loquor

445 2431 588 2518 praecise,
618 2430 677 2497 sed
698 2430 843 2496 multum
880 2429 1065 2516 propinquo
1097 2430 1234 2495 veritati
1271 2429 1500 2510 oertifieandra,

445 2554 617 2620 usquequo
632 2537 743 2599 currat
757 2531 867 2597 finalis
880 2531 1034 2619 probatio
1048 2554 1146 2620 super
1159 2532 1241 2598 anni
1259 2532 1448 2619 quantitate
1462 2535 1500 2599 et

445 2636 631 2702 mutatione
653 2633 876 2701 solstitiorum.
908 2634 973 2700 Per
980 2634 1053 2721 jam
1069 2635 1159 2701 diota
1178 2639 1303 2718 tamen,
1319 2634 1499 2702 seeundum

444 2738 675 2827 probationem
706 2736 889 2818 Ptolomaei,
910 2758 979 2802 non
1000 2737 1114 2824 potuit
1133 2737 1170 2802 in
1192 2743 1309 2804 octavo
1331 2737 1501 2805 Kalendas

445 2840 625 2909 Januarii¹
657 2861 727 2908 esse
748 2839 928 2907 solstitium
949 2838 1101 2926 hyemale
1129 2839 1166 2905 in
1195 2844 1344 2928 tempore
1365 2838 1501 2906 Nativi-

447 2947 529 3013 tatis
562 2943 708 3023 Domini,
731 2945 788 3010 sed
822 2942 971 3031 oportuit
993 2941 1083 3029 quod
1104 2941 1141 3007 in
1164 2934 1292 3009 decimo
1318 2939 1498 3022 Kalendas,

443 3070 485 3115 eo
508 3047 597 3134 quod
619 3047 657 3113 in
678 3051 811 3114 eentum
834 3044 1056 3133 quadraginta
1077 3043 1174 3111 annis
1196 3066 1217 3109 a
1239 3051 1387 3132 tempore
1400 3044 1499 3110 Nati-

445 3151 563 3216 vitatis
600 3171 704 3235 usque
740 3149 783 3215 ad
820 3148 1064 3235 probationem
1085 3145 1257 3214 Ptolomaei
1288 3169 1356 3214 non
1388 3148 1500 3236 potnit

448 3251 572 3317 mutari
595 3251 775 3317 solstitium
804 3272 868 3337 per¹
897 3255 967 3317 tres
997 3251 1074 3328 dies,
1098 3272 1205 3336 neque
1228 3268 1298 3337 ‘per
1328 3252 1419 3332 duos,
1435 3250 1499 3316 sed

448 3376 507 3440 per
528 3373 633 3418 unum
655 3358 691 3418 et
712 3358 841 3440 partem
863 3354 905 3419 de
927 3353 1000 3419 alie.
1036 3353 1083 3418 Et
1096 3353 1170 3419 ideo
1185 3351 1313 3418 decimo
1333 3352 1501 3418 Kalendas

448 3455 604 3521 Januarii
623 3455 735 3541 potuit
756 3477 834 3533 ease,
849 3455 1027 3522 seeundum
1042 3456 1130 3542 quod
1152 3455 1351 3521 Ptolomaeus
1372 3454 1502 3521 invenit

449 3558 623 3625 undecimo
645 3557 821 3625 Kalendas.
867 3558 1009 3624 Etcum
1031 3578 1091 3645 per
1113 3559 1252 3624 eandem
1272 3557 1501 3645 probationem

449 3661 621 3728 Ptolomaei
650 3661 761 3749 potuit
790 3660 1024 3747 aequinootium
1055 3661 1161 3748 primo
1192 3682 1279 3726 anno
1301 3659 1501 3727 Nativitatis

452 3766 551 3831 fuisse
588 3764 762 3830 undecimo
793 3763 962 3830 Kalendas
998 3763 1135 3851 Aprilis,
1172 3785 1240 3829 non
1284 3763 1397 3850 potuit
1432 3785 1503 3830 esse

451 3872 578 3944 octavo,
601 3868 687 3932 siout
718 3867 825 3953 primo
846 3866 1058 3932 crediderumt
1087 3866 1125 3930 in
1158 3865 1292 3932 eooleaia
1321 3865 1500 3953 primitiva,

450 3974 486 4034 et
507 3971 605 4058 longe
626 3969 733 4056 magis
754 3990 823 4034 non
837 3969 949 4056 potuit
970 3989 1040 4034 esse
1061 3968 1116 4034 in²
1139 3968 1329 4034 duodecimo
1344 3967 1504 4034 kalendas

452 4071 587 4158 Aprilis,
610 4072 696 4138 siout
717 4093 806 4137 nuno
836 4071 990 4150 ereditur,
1013 4072 1191 4137 secundum
1222 4093 1319 4137 usum
1351 4071 1504 4139 eeclesiae.

455 4173 544 4253 Quia
565 4194 640 4240 oum
662 4196 792 4261 semper
813 4173 962 4241 ascendit
983 4174 1229 4262 aequinoctium,
1244 4179 1279 4241 et
1298 4175 1335 4240 in
1358 4179 1506 4263 tempore
1630 4244 1633 4251 ,

469 4418 719 4428 “·“-·-··-·-
1103 4422 1202 4430 -..ω-ι
1210 4418 1494 4431 -n-W-

491 4612 646 4681 ¹donaorir]
658 4587 716 4668 tom.
728 4612 759 4668 Τ.
771 4614 801 4669 Β.
961 4614 972 4692 J
1018 4617 1079 4686 ἰὴ]
1091 4633 1148 4673 om.
1159 4617 1205 4675 ¹1¹..
