3586 5640
560 780 626 844 458
931 790 1062 843 noum
1083 788 1232 842 auocare
1520 770 1616 861 [cun.

498 1032 505 1045 .
552 955 713 1033 Graecum,
738 957 827 1024 unde
857 955 975 1023 dicunt
1010 953 1136 1023 aaran
1182 953 1249 1021 Sed
1286 952 1408 1031 latini,
1430 952 1617 1019 secundum

551 1058 776 1140 Priacianum,1
808 1057 949 1126 secundo
978 1058 1072 1137 libro,
1103 1062 1247 1124 utuntur
1275 1077 1304 1123 oa
1335 1055 1519 1144 dipthongo
1548 1076 1615 1143 pro

552 1182 576 1241 a,
601 1167 636 1227 et
662 1161 778 1227 dicunt
808 1167 842 1228 et
871 1166 991 1227 conant
1021 1181 1045 1227 a
1091 1159 1192 1229 Unde
1222 1159 1339 1225 dictant
1361 1179 1478 1239 canoa,
1500 1178 1615 1245 aquo

550 1261 722 1351 cpicccoa,
747 1264 929 1329 communia
950 1262 1088 1351 generis,
1112 1268 1146 1328 et
1166 1283 1257 1339 aaa,
1280 1261 1370 1349 quod
1392 1266 1444 1327 eat
1464 1280 1613 1327 commu-

551 1366 639 1433 nitas
661 1366 849 1449 edentium
864 1364 943 1453 quia
965 1365 1054 1453 apud
1068 1368 1196 1432 veterae
1211 1362 1345 1430 solitum
1368 1366 1419 1429 eet
1440 1360 1478 1427 in
1492 1382 1614 1451 propa·

551 1468 623 1535 tulo
644 1469 739 1547 vesci,
763 1472 798 1534 et
819 1467 1039 1535 communiter
1060 1466 1193 1554 cpulari,
1216 1486 1260 1534 nc
1277 1464 1489 1555 singularitas
1510 1486 1613 1553 gane-

552 1574 639 1637 mret
661 1568 828 1636 luxuriam
850 1592 908 1636 acu
937 1568 1057 1659 gulam
1104 1568 1192 1635 Item
1229 1590 1251 1633 a
1287 1588 1402 1649 certon,
1432 1566 1522 1655 quod
1558 1573 1613 1635 cat

550 1694 730 1754 commune,
761 1678 796 1739 et
822 1670 915 1753 bioa,¹
937 1672 1026 1759 quod
1047 1674 1099 1738 eat
1120 1670 1199 1750 vita,
1223 1668 1346 1738 dicitur
1367 1668 1551 1751 cenobium,
1575 1674 1614 1737 et

550 1774 719 1852 cenobite,
735 1775 830 1861 quaai
852 1773 1069 1841 communiter
1082 1773 1242 1840 viventea
1288 1770 1355 1839 Sed
1374 1770 1508 1839 runca·
1529 1770 1611 1839 acri-

551 1876 642 1943 bitur
664 1898 723 1965 per
751 1899 780 1956 r,
804 1876 890 1943 aiom
911 1874 1047 1964 pepop,⁴
1068 1874 1158 1963 quod
1186 1880 1237 1942 eat
1258 1874 1476 1963 peregrinum,
1498 1894 1612 1961 aquo

550 2000 686 2058 remum,
717 1978 806 2065 quod
843 1982 893 2045 eat
930 1978 1030 2044 nimia
1059 1982 1264 2056 exuaneum,
1294 1982 1329 2044 et
1364 1998 1434 2043 non
1470 1982 1523 2044 eat
1558 1974 1611 2042 ibi

551 2102 704 2162 eremum,
727 2086 768 2147 ut
790 2102 807 2147 a
827 2081 925 2148 litera
950 2085 1171 2170 praeponam,
1199 2079 1276 2147 licet
1304 2079 1368 2146 hoc
1396 2078 1504 2146 velint
1533 2078 1610 2146 Hu-

550 2182 653 2272 gutio,
678 2188 712 2249 ct
735 2182 841 2266 Βιίιο,
866 2188 900 2250 et
923 2182 983 2249 alii
1004 2206 1063 2272 per
1085 2204 1236 2250 errorem.
1281 2180 1373 2249 Nam
1394 2180 1432 2247 in
1454 2180 1610 2248 omnibua

552 2286 669 2352 Bibliia
691 2286 846 2373 antiquie,
869 2290 903 2353 et
934 2284 1088 2368 historiis,
1120 2290 1155 2352 et
1176 2284 1251 2351 aliia
1271 2284 1443 2352 iuvenitur
1463 2282 1612 2373 incipere

549 2410 609 2474 per
645 2409 666 2452 r
691 2388 830 2467 literam,
868 2392 904 2455 et
940 2388 990 2454 ita
1019 2393 1071 2455 eat
1103 2388 1140 2455 in
1177 2388 1301 2455 Graeeo.
1347 2386 1511 2456 Ochtoma'c
1540 2408 1610 2455 uno

551 2488 649 2555 modo
699 2489 868 2557 derivatur
914 2512 935 2554 a
975 2512 1090 2572 ccaora
1124 2492 1214 2578 quod
1257 2496 1309 2559 eet
1352 2510 1535 2572 commune,
1571 2496 1609 2559 et

549 2589 634 2673 raia,
650 2592 739 2677 quod
760 2598 811 2659 eat
826 2613 944 2658 musca
987 2592 1033 2660 Et
1054 2592 1209 2660 scribitur
1231 2614 1290 2683 per
1303 2590 1340 2686 oi
1354 2592 1609 2682 diphthongum,

550 2692 800 2773 marcasio,
835 2692 988 2778 κοινομιαε
1017 2718 1077 2783 pro
1104 2716 1170 2783 quo
1192 2697 1372 2764 secundum
1400 2716 1608 2762 communem

549 2818 646 2865 usum
683 2796 879 2863 Latinorum
912 2796 949 2862 in
978 2796 1053 2863 aliia
1083 2798 1252 2866 vocabulis
1288 2798 1478 2887 hujusmodi
1507 2796 1606 2887 diph-

550 2898 668 2989 thongi
698 2899 832 2967 deberet
861 2898 927 2967 dici
964 2899 1138 2982 coeaoma'a
1170 2904 1210 2967 ut
1239 2905 1332 2989 patet
1361 2923 1404 2967 ex
1432 2898 1609 2989 praedietis.

468 2995 470 2999 ’
551 3002 618 3071 Sed
648 3008 761 3069 tamen
792 3003 969 3090 praevaluit
1003 3022 1081 3069 usus
1114 3002 1307 3070 Latinorum
1337 3003 1548 3090 antiquorum
1571 3002 1609 3069 in

550 3106 611 3171 hoc
642 3104 811 3186 vocabulo,
845 3109 885 3170 ut
917 3104 1081 3171 diceretur
1111 3104 1266 3172 σιίιοιιιια
1298 3126 1358 3193 per
1389 3104 1415 3186 ι’,
1447 3126 1516 3170 non
1548 3126 1610 3193 per

550 3230 573 3274 c.
631 3206 677 3273 Et
708 3208 754 3272 sic
786 3206 946 3294 accipitur
978 3207 1014 3271 in
1047 3207 1162 3294 primo,
1189 3207 1346 3295 quoniam
1381 3202 1608 3296 Hieronymus

550 3310 586 3374 in
608 3309 826 3375 translatione
855 3332 914 3375 aua
940 3308 1042 3397 juxta
1063 3310 1240 3377 veritatem
1262 3310 1470 3377 Hebraeicam
1499 3315 1609 3377 trana-

551 3410 616 3477 fert
650 3431 746 3476 omne
777 3432 882 3497 genua
915 3433 1101 3477 muscarum
1137 3413 1173 3476 in
1204 3411 1262 3478 isso
1287 3412 1393 3499 primo
1419 3412 1609 3496 antedict03

550 3518 584 3579 et
621 3513 667 3577 sic
700 3517 751 3576 eat
786 3510 823 3575 in
856 3517 953 3579 textu
991 3512 1100 3578 Exodi
1136 3513 1206 3579 viii.
1247 3514 1330 3601 [21]
1367 3536 1463 3580 omne
1499 3536 1607 3602 genua

550 3636 743 3694 minearum,
766 3617 807 3679 ut
832 3620 983 3681 sumatur
1018 3637 1130 3682 musca
1159 3615 1379 3682 communiter
1408 3616 1444 3681 in
1465 3616 1527 3682 hac
1549 3620 1606 3684 vel

549 3718 614 3784 illa.
661 3716 707 3782 Ει
730 3716 949 3804 Septuaginta
986 3718 1181 3805 interpretes
1203 3718 1445 3785 transtulerunt
1468 3719 1508 3784 de
1533 3718 1606 3786 He-

551 3821 642 3887 broeo
676 3821 712 3884 in
744 3816 896 3883 Graecum
933 3818 983 3884 ibi
1020 3820 1241 3885 omnimodam
1279 3842 1433 3903 muscam,
1456 3822 1541 3887 sicut
1563 3846 1607 3888 ex

552 3922 666 3990 Graeco
689 3926 791 4009 patet,
827 3926 862 3986 et
892 3921 1000 4008 glossa
1033 3922 1115 3988 dicit
1144 3923 1276 3990 ibidem.
1322 3924 1368 3990 Et
1389 3928 1523 4012 propter
1544 3926 1608 3992 hoo

553 4026 688 4093 omnino
711 4024 892 4090 tenendum
915 4030 965 4090 est
993 4024 1082 4112 quod
1104 4025 1162 4090 illa
1190 4026 1288 4114 plaga
1314 4026 1453 4114 AEgypti
1475 4027 1541 4092 fuit
1563 4028 1607 4095 de

549 4128 640 4195 omni
662 4149 781 4215 genere
804 4148 994 4206 muscatam,
1018 4133 1053 4193 ct
1076 4127 1207 4193 nonde
1230 4151 1296 4194 una
1318 4134 1458 4209 tantum,
1482 4129 1607 4198 scilicet

548 4231 590 4296 dc
613 4230 738 4307 canina,
762 4230 802 4294 de
825 4251 891 4314 qua
912 4250 1001 4295 nunc
1023 4230 1197 4297 dicendum
1220 4235 1277 4297 eat.

580 4452 587 4481 ¹
601 4451 768 4516 Precianum]
782 4450 851 4501 circa
862 4452 917 4501 init.
1131 4457 1140 4485 ⁴
1147 4455 1242 4521 pcpop]
1265 4455 1300 4507 So
1316 4456 1372 4508 MS.
1390 4457 1462 4509 Read
1478 4462 1493 4487 ‘⁴
1504 4476 1523 4508 a·
1533 4459 1602 4511 aicut

579 4528 664 4594 2bica]
683 4529 746 4585 vics,
758 4528 813 4578 MS.
1098 4540 1113 4560 ‘⁸
1131 4531 1218 4592 givos?

579 4608 686 4674 irenen]
702 4606 736 4658 So
748 4607 804 4658 MS.
818 4607 936 4668 ῐοιξένον.
