<?xml version="1.0" encoding="UTF-8"?>
<!DOCTYPE html PUBLIC "-//W3C//DTD XHTML 1.0 Transitional//EN"
    "http://www.w3.org/TR/xhtml1/DTD/xhtml1-transitional.dtd">
<html xmlns="http://www.w3.org/1999/xhtml" xml:lang="en" lang="en">
 <head>
  <title>
</title>
<meta http-equiv="Content-Type" content="text/html;charset=utf-8" />
  <meta name='ocr-system' content='tesseract 3.04.00' />
  <meta name='ocr-capabilities' content='ocr_page ocr_carea ocr_par ocr_line ocrx_word'/>
</head>
<body>
  <div class='ocr_page' id='page_1' title='image "./operaqudamhacte00bacogoog_0530.png"; bbox 0 0 3586 5640; ppageno 0'>
   <div class='ocr_carea' id='block_1_1' title="bbox 283 1673 408 1928">
    <p class='ocr_par' dir='ltr' id='par_1_1' title="bbox 283 1673 408 1928">
     <span class='ocr_line' id='line_1_1' title="bbox 283 1673 406 1727; baseline 0.024 -3"><span class='ocrx_word' id='word_1_1' title='bbox 283 1673 339 1725; x_wconf 83' lang='lat' dir='ltr'><strong>The</strong></span> <span class='ocrx_word' id='word_1_2' title='bbox 350 1673 406 1727; x_wconf 77' lang='lat' dir='ltr'><strong>laur</strong></span> 
     </span>
     <span class='ocr_line' id='line_1_2' title="bbox 283 1743 408 1793; baseline 0.016 -2"><span class='ocrx_word' id='word_1_3' title='bbox 283 1757 370 1793; x_wconf 80' lang='lat' dir='ltr'><strong>causes</strong></span> <span class='ocrx_word' id='word_1_4' title='bbox 378 1743 408 1793; x_wconf 77' lang='lat' dir='ltr'><strong>oi</strong></span> 
     </span>
     <span class='ocr_line' id='line_1_3' title="bbox 283 1808 377 1859; baseline 0.032 -3"><span class='ocrx_word' id='word_1_5' title='bbox 283 1808 377 1859; x_wconf 86' lang='lat' dir='ltr'><strong>human</strong></span> 
     </span>
     <span class='ocr_line' id='line_1_4' title="bbox 284 1889 360 1928; baseline 0.053 -4"><span class='ocrx_word' id='word_1_6' title='bbox 284 1889 360 1928; x_wconf 85' lang='lat' dir='ltr'><strong>ermr.</strong></span> 
     </span>
    </p>
   </div>
   <div class='ocr_carea' id='block_1_2' title="bbox 832 747 1504 834">
    <p class='ocr_par' dir='ltr' id='par_1_2' title="bbox 832 747 1504 834">
     <span class='ocr_line' id='line_1_5' title="bbox 832 747 1504 834; baseline 0.006 -24"><span class='ocrx_word' id='word_1_7' title='bbox 832 758 962 810; x_wconf 81' lang='lat' dir='ltr'><strong>noannr</strong></span> <span class='ocrx_word' id='word_1_8' title='bbox 983 758 1129 812; x_wconf 80' lang='lat' dir='ltr'><strong>nsooure</strong></span> <span class='ocrx_word' id='word_1_9' title='bbox 1414 747 1504 834; x_wconf 79' lang='lat' dir='ltr'><strong>[oar.</strong></span> 
     </span>
    </p>
   </div>
   <div class='ocr_carea' id='block_1_3' title="bbox 893 1230 1064 1300">
    <p class='ocr_par' dir='ltr' id='par_1_3' title="bbox 893 1230 1064 1300">
     <span class='ocr_line' id='line_1_6' title="bbox 893 1230 1064 1300; baseline 0 0"><span class='ocrx_word' id='word_1_10' title='bbox 893 1230 971 1300; x_wconf 73' lang='lat' dir='ltr'><strong>Ore.</strong></span> <span class='ocrx_word' id='word_1_11' title='bbox 997 1231 1064 1300; x_wconf 88' lang='grc' dir='ltr'><strong>ΙΙΙ.</strong></span> 
     </span>
    </p>
   </div>
   <div class='ocr_carea' id='block_1_4' title="bbox 451 1419 1503 1592">
    <p class='ocr_par' dir='ltr' id='par_1_4' title="bbox 451 1419 1503 1592">
     <span class='ocr_line' id='line_1_7' title="bbox 451 1419 1503 1512; baseline 0.003 -22"><span class='ocrx_word' id='word_1_12' title='bbox 451 1419 501 1490; x_wconf 85' lang='lat' dir='ltr'><strong>Ia</strong></span> <span class='ocrx_word' id='word_1_13' title='bbox 523 1442 589 1512; x_wconf 82' lang='lat' dir='ltr'><strong>qao</strong></span> <span class='ocrx_word' id='word_1_14' title='bbox 611 1421 865 1510; x_wconf 74' lang='lat' dir='ltr'><strong>inaestiposatar</strong></span> <span class='ocrx_word' id='word_1_15' title='bbox 887 1429 1036 1510; x_wconf 77' lang='lat' dir='ltr'><strong>quatuor</strong></span> <span class='ocrx_word' id='word_1_16' title='bbox 1050 1421 1219 1510; x_wconf 69' lang='lat' dir='ltr'><em>pestiferae</em></span> <span class='ocrx_word' id='word_1_17' title='bbox 1238 1444 1350 1492; x_wconf 82' lang='lat' dir='ltr'><strong>eaoeoe</strong></span> <span class='ocrx_word' id='word_1_18' title='bbox 1375 1423 1503 1494; x_wconf 75' lang='lat' dir='ltr'><strong>erroris</strong></span> 
     </span>
     <span class='ocr_line' id='line_1_8' title="bbox 897 1524 1056 1592; baseline 0 -1"><span class='ocrx_word' id='word_1_19' title='bbox 897 1524 1056 1592; x_wconf 72' lang='lat' dir='ltr'><strong>irremorsi.</strong></span> 
     </span>
    </p>
   </div>
   <div class='ocr_carea' id='block_1_5' title="bbox 495 1663 1501 1752">
    <p class='ocr_par' dir='ltr' id='par_1_5' title="bbox 495 1663 1501 1752">
     <span class='ocr_line' id='line_1_9' title="bbox 495 1663 1501 1752; baseline 0.002 -22"><span class='ocrx_word' id='word_1_20' title='bbox 495 1663 682 1742; x_wconf 74' lang='lat' dir='ltr'><strong>Posroolnr</strong></span> <span class='ocrx_word' id='word_1_21' title='bbox 711 1663 854 1752; x_wconf 87' lang='lat' dir='ltr'><strong>praemisi</strong></span> <span class='ocrx_word' id='word_1_22' title='bbox 884 1664 1123 1751; x_wconf 87' lang='lat' dir='ltr'><strong>impedimenta</strong></span> <span class='ocrx_word' id='word_1_23' title='bbox 1145 1663 1316 1750; x_wconf 73' lang='lat' dir='ltr'><strong>sapientias</strong></span> <span class='ocrx_word' id='word_1_24' title='bbox 1351 1666 1417 1731; x_wconf 91' lang='lat' dir='ltr'><strong>duo</strong></span> <span class='ocrx_word' id='word_1_25' title='bbox 1440 1666 1501 1732; x_wconf 88' lang='lat' dir='ltr'><strong>eei-</strong></span> 
     </span>
    </p>
   </div>
   <div class='ocr_carea' id='block_1_6' title="bbox 440 1765 1502 4418">
    <p class='ocr_par' dir='ltr' id='par_1_6' title="bbox 440 1765 1502 4418">
     <span class='ocr_line' id='line_1_10' title="bbox 448 1765 1502 1854; baseline 0.003 -21"><span class='ocrx_word' id='word_1_26' title='bbox 448 1765 526 1834; x_wconf 86' lang='lat' dir='ltr'><strong>lieet</strong></span> <span class='ocrx_word' id='word_1_27' title='bbox 547 1767 698 1833; x_wconf 88' lang='lat' dir='ltr'><strong>naturale</strong></span> <span class='ocrx_word' id='word_1_28' title='bbox 727 1773 767 1833; x_wconf 88' lang='lat' dir='ltr'><strong>ut</strong></span> <span class='ocrx_word' id='word_1_29' title='bbox 797 1766 957 1854; x_wconf 77' lang='lat' dir='ltr'>originale</span> <span class='ocrx_word' id='word_1_30' title='bbox 988 1770 1168 1853; x_wconf 85' lang='lat' dir='ltr'><strong>peceatum,</strong></span> <span class='ocrx_word' id='word_1_31' title='bbox 1193 1772 1228 1832; x_wconf 89' lang='lat' dir='ltr'><strong>et</strong></span> <span class='ocrx_word' id='word_1_32' title='bbox 1250 1773 1502 1836; x_wconf 77' lang='lat' dir='ltr'><strong>eontmotuma</strong></span> 
     </span>
     <span class='ocr_line' id='line_1_11' title="bbox 448 1869 1502 1957; baseline 0.004 -22"><span class='ocrx_word' id='word_1_33' title='bbox 448 1869 544 1936; x_wconf 89' lang='lat' dir='ltr'><strong>nobis</strong></span> <span class='ocrx_word' id='word_1_34' title='bbox 559 1875 599 1936; x_wconf 84' lang='lat' dir='ltr'><strong>ut</strong></span> <span class='ocrx_word' id='word_1_35' title='bbox 612 1873 782 1957; x_wconf 83' lang='lat' dir='ltr'><strong>peccatum</strong></span> <span class='ocrx_word' id='word_1_36' title='bbox 804 1869 933 1936; x_wconf 84' lang='lat' dir='ltr'><strong>actuale</strong></span> <span class='ocrx_word' id='word_1_37' title='bbox 957 1874 991 1934; x_wconf 89' lang='lat' dir='ltr'><strong>et</strong></span> <span class='ocrx_word' id='word_1_38' title='bbox 1012 1870 1181 1956; x_wconf 87' lang='lat' dir='ltr'><strong>proprium</strong></span> <span class='ocrx_word' id='word_1_39' title='bbox 1205 1869 1388 1954; x_wconf 87' lang='lat' dir='ltr'><strong>cujuslibet,</strong></span> <span class='ocrx_word' id='word_1_40' title='bbox 1411 1890 1502 1940; x_wconf 85' lang='lat' dir='ltr'><strong>nunc</strong></span> 
     </span>
     <span class='ocr_line' id='line_1_12' title="bbox 449 1970 1500 2060; baseline 0.002 -22"><span class='ocrx_word' id='word_1_41' title='bbox 449 1971 524 2039; x_wconf 88' lang='lat' dir='ltr'><strong>volo</strong></span> <span class='ocrx_word' id='word_1_42' title='bbox 546 1971 694 2060; x_wconf 78' lang='lat' dir='ltr'><strong>ingerere</strong></span> <span class='ocrx_word' id='word_1_43' title='bbox 725 1976 867 2059; x_wconf 89' lang='lat' dir='ltr'><strong>quatuor</strong></span> <span class='ocrx_word' id='word_1_44' title='bbox 897 1972 964 2037; x_wconf 86' lang='lat' dir='ltr'><strong>alia</strong></span> <span class='ocrx_word' id='word_1_45' title='bbox 997 1970 1116 2058; x_wconf 86' lang='lat' dir='ltr'><strong>quibus</strong></span> <span class='ocrx_word' id='word_1_46' title='bbox 1150 1973 1257 2037; x_wconf 90' lang='lat' dir='ltr'><strong>omnis</strong></span> <span class='ocrx_word' id='word_1_47' title='bbox 1290 1979 1397 2038; x_wconf 77' lang='lat' dir='ltr'><strong>status</strong></span> <span class='ocrx_word' id='word_1_48' title='bbox 1431 1997 1500 2040; x_wconf 91' lang='lat' dir='ltr'><strong>cor-</strong></span> 
     </span>
     <span class='ocr_line' id='line_1_13' title="bbox 448 2074 1501 2163; baseline 0.004 -24"><span class='ocrx_word' id='word_1_49' title='bbox 448 2075 624 2162; x_wconf 76' lang='lat' dir='ltr'>rumpitur,</span> <span class='ocrx_word' id='word_1_50' title='bbox 656 2074 899 2141; x_wconf 90' lang='lat' dir='ltr'><strong>omnebonum</strong></span> <span class='ocrx_word' id='word_1_51' title='bbox 928 2074 1115 2161; x_wconf 75' lang='lat' dir='ltr'><strong>impeditur,</strong></span> <span class='ocrx_word' id='word_1_52' title='bbox 1144 2079 1178 2140; x_wconf 88' lang='lat' dir='ltr'><strong>et</strong></span> <span class='ocrx_word' id='word_1_53' title='bbox 1206 2075 1267 2140; x_wconf 92' lang='lat' dir='ltr'><strong>hoc</strong></span> <span class='ocrx_word' id='word_1_54' title='bbox 1296 2097 1318 2140; x_wconf 90' lang='lat' dir='ltr'><strong>a</strong></span> <span class='ocrx_word' id='word_1_55' title='bbox 1340 2075 1501 2163; x_wconf 88' lang='lat' dir='ltr'><strong>principio</strong></span> 
     </span>
     <span class='ocr_line' id='line_1_14' title="bbox 448 2174 1501 2266; baseline 0.002 -22"><span class='ocrx_word' id='word_1_56' title='bbox 448 2179 565 2244; x_wconf 89' lang='lat' dir='ltr'><strong>mundi</strong></span> <span class='ocrx_word' id='word_1_57' title='bbox 598 2199 701 2264; x_wconf 90' lang='lat' dir='ltr'><strong>usque</strong></span> <span class='ocrx_word' id='word_1_58' title='bbox 733 2199 828 2256; x_wconf 88' lang='lat' dir='ltr'><strong>nunc,</strong></span> <span class='ocrx_word' id='word_1_59' title='bbox 852 2182 888 2243; x_wconf 89' lang='lat' dir='ltr'><strong>et</strong></span> <span class='ocrx_word' id='word_1_60' title='bbox 909 2177 956 2242; x_wconf 89' lang='lat' dir='ltr'><strong>sio</strong></span> <span class='ocrx_word' id='word_1_61' title='bbox 985 2177 1045 2242; x_wconf 87' lang='lat' dir='ltr'><strong>fiet</strong></span> <span class='ocrx_word' id='word_1_62' title='bbox 1075 2197 1178 2263; x_wconf 85' lang='lat' dir='ltr'><strong>usque</strong></span> <span class='ocrx_word' id='word_1_63' title='bbox 1209 2178 1246 2242; x_wconf 93' lang='lat' dir='ltr'><strong>in</strong></span> <span class='ocrx_word' id='word_1_64' title='bbox 1279 2174 1380 2243; x_wconf 85' lang='lat' dir='ltr'><strong>tinem</strong></span> <span class='ocrx_word' id='word_1_65' title='bbox 1411 2181 1501 2266; x_wconf 82' lang='lat' dir='ltr'><strong>apud</strong></span> 
     </span>
     <span class='ocr_line' id='line_1_15' title="bbox 449 2280 1500 2368; baseline 0.003 -23"><span class='ocrx_word' id='word_1_66' title='bbox 449 2280 698 2347; x_wconf 67' lang='lat' dir='ltr'><strong>multitudinem</strong></span> <span class='ocrx_word' id='word_1_67' title='bbox 728 2281 921 2361; x_wconf 67' lang='lat' dir='ltr'><strong>hominum</strong></span> <span class='ocrx_word' id='word_1_68' title='bbox 958 2280 1007 2345; x_wconf 87' lang='lat' dir='ltr'><strong>ita</strong></span> <span class='ocrx_word' id='word_1_69' title='bbox 1029 2280 1116 2365; x_wconf 91' lang='lat' dir='ltr'><strong>quod</strong></span> <span class='ocrx_word' id='word_1_70' title='bbox 1145 2281 1206 2344; x_wconf 84' lang='lat' dir='ltr'><strong>vix</strong></span> <span class='ocrx_word' id='word_1_71' title='bbox 1235 2280 1297 2345; x_wconf 85' lang='lat' dir='ltr'><strong>soli</strong></span> <span class='ocrx_word' id='word_1_72' title='bbox 1326 2282 1500 2368; x_wconf 86' lang='lat' dir='ltr'><strong>sapientie·</strong></span> 
     </span>
     <span class='ocr_line' id='line_1_16' title="bbox 447 2382 1502 2471; baseline 0.001 -24"><span class='ocrx_word' id='word_1_73' title='bbox 447 2383 522 2448; x_wconf 87' lang='lat' dir='ltr'><strong>simi</strong></span> <span class='ocrx_word' id='word_1_74' title='bbox 545 2383 603 2447; x_wconf 87' lang='lat' dir='ltr'><strong>has</strong></span> <span class='ocrx_word' id='word_1_75' title='bbox 625 2387 768 2469; x_wconf 90' lang='lat' dir='ltr'><strong>quatuor</strong></span> <span class='ocrx_word' id='word_1_76' title='bbox 789 2404 902 2447; x_wconf 83' lang='lat' dir='ltr'><strong>causae</strong></span> <span class='ocrx_word' id='word_1_77' title='bbox 924 2382 1094 2468; x_wconf 76' lang='lat' dir='ltr'><strong>pestiferae</strong></span> <span class='ocrx_word' id='word_1_78' title='bbox 1123 2383 1240 2447; x_wconf 88' lang='lat' dir='ltr'><strong>erroris</strong></span> <span class='ocrx_word' id='word_1_79' title='bbox 1262 2383 1399 2448; x_wconf 86' lang='lat' dir='ltr'><strong>humani</strong></span> <span class='ocrx_word' id='word_1_80' title='bbox 1428 2406 1502 2471; x_wconf 82' lang='lat' dir='ltr'><strong>pos·</strong></span> 
     </span>
     <span class='ocr_line' id='line_1_17' title="bbox 446 2483 1500 2572; baseline 0.005 -24"><span class='ocrx_word' id='word_1_81' title='bbox 446 2489 525 2550; x_wconf 83' lang='lat' dir='ltr'><strong>sunt</strong></span> <span class='ocrx_word' id='word_1_82' title='bbox 547 2485 789 2570; x_wconf 87' lang='lat' dir='ltr'><strong>aliquantulum</strong></span> <span class='ocrx_word' id='word_1_83' title='bbox 812 2485 984 2551; x_wconf 85' lang='lat' dir='ltr'><strong>declinare.</strong></span> <span class='ocrx_word' id='word_1_84' title='bbox 1041 2484 1087 2550; x_wconf 88' lang='lat' dir='ltr'><strong>Et</strong></span> <span class='ocrx_word' id='word_1_85' title='bbox 1109 2491 1188 2551; x_wconf 87' lang='lat' dir='ltr'><strong>sunt</strong></span> <span class='ocrx_word' id='word_1_86' title='bbox 1210 2483 1356 2572; x_wconf 80' lang='lat' dir='ltr'><strong>indigam</strong></span> <span class='ocrx_word' id='word_1_87' title='bbox 1379 2493 1414 2552; x_wconf 87' lang='lat' dir='ltr'><strong>et</strong></span> <span class='ocrx_word' id='word_1_88' title='bbox 1435 2487 1500 2553; x_wconf 85' lang='lat' dir='ltr'><strong>fre·</strong></span> 
     </span>
     <span class='ocr_line' id='line_1_18' title="bbox 447 2586 1499 2675; baseline 0.006 -23"><span class='ocrx_word' id='word_1_89' title='bbox 447 2586 522 2673; x_wconf 81' lang='lat' dir='ltr'><strong>gilis</strong></span> <span class='ocrx_word' id='word_1_90' title='bbox 557 2587 709 2674; x_wconf 84' lang='lat' dir='ltr'><strong>exempla</strong></span> <span class='ocrx_word' id='word_1_91' title='bbox 745 2587 962 2665; x_wconf 86' lang='lat' dir='ltr'><strong>auctoritatis,</strong></span> <span class='ocrx_word' id='word_1_92' title='bbox 1002 2608 1114 2653; x_wconf 84' lang='lat' dir='ltr'><strong>sensus</strong></span> <span class='ocrx_word' id='word_1_93' title='bbox 1148 2588 1242 2674; x_wconf 81' lang='lat' dir='ltr'><strong>vulgi</strong></span> <span class='ocrx_word' id='word_1_94' title='bbox 1274 2588 1429 2675; x_wconf 87' lang='lat' dir='ltr'><strong>imperiti,</strong></span> <span class='ocrx_word' id='word_1_95' title='bbox 1464 2597 1499 2658; x_wconf 91' lang='lat' dir='ltr'><strong>et</strong></span> 
     </span>
     <span class='ocr_line' id='line_1_19' title="bbox 446 2689 1497 2773; baseline 0.002 -16"><span class='ocrx_word' id='word_1_96' title='bbox 446 2689 692 2757; x_wconf 80' lang='lat' dir='ltr'><strong>consuetudinis</strong></span> <span class='ocrx_word' id='word_1_97' title='bbox 726 2689 937 2771; x_wconf 83' lang='lat' dir='ltr'><strong>diuturnitas,</strong></span> <span class='ocrx_word' id='word_1_98' title='bbox 962 2696 996 2756; x_wconf 89' lang='lat' dir='ltr'><strong>et</strong></span> <span class='ocrx_word' id='word_1_99' title='bbox 1019 2691 1197 2756; x_wconf 89' lang='lat' dir='ltr'><strong>obstinatio</strong></span> <span class='ocrx_word' id='word_1_100' title='bbox 1226 2691 1329 2756; x_wconf 87' lang='lat' dir='ltr'><strong>animi</strong></span> <span class='ocrx_word' id='word_1_101' title='bbox 1352 2692 1497 2773; x_wconf 86' lang='lat' dir='ltr'><strong>humani,</strong></span> 
     </span>
     <span class='ocr_line' id='line_1_20' title="bbox 446 2793 1498 2881; baseline 0.003 -22"><span class='ocrx_word' id='word_1_102' title='bbox 446 2812 513 2880; x_wconf 82' lang='lat' dir='ltr'><strong>qua</strong></span> <span class='ocrx_word' id='word_1_103' title='bbox 534 2794 571 2858; x_wconf 92' lang='lat' dir='ltr'><strong>in</strong></span> <span class='ocrx_word' id='word_1_104' title='bbox 593 2793 748 2859; x_wconf 89' lang='lat' dir='ltr'><strong>solatium</strong></span> <span class='ocrx_word' id='word_1_105' title='bbox 779 2815 847 2858; x_wconf 83' lang='lat' dir='ltr'><strong>suae</strong></span> <span class='ocrx_word' id='word_1_106' title='bbox 872 2794 1071 2880; x_wconf 82' lang='lat' dir='ltr'><strong>ignorantiae</strong></span> <span class='ocrx_word' id='word_1_107' title='bbox 1104 2794 1258 2880; x_wconf 87' lang='lat' dir='ltr'><strong>reprobat</strong></span> <span class='ocrx_word' id='word_1_108' title='bbox 1289 2795 1401 2859; x_wconf 88' lang='lat' dir='ltr'><strong>omnia</strong></span> <span class='ocrx_word' id='word_1_109' title='bbox 1423 2818 1498 2881; x_wconf 87' lang='lat' dir='ltr'><strong>quaa</strong></span> 
     </span>
     <span class='ocr_line' id='line_1_21' title="bbox 445 2894 1497 2984; baseline 0.002 -23"><span class='ocrx_word' id='word_1_110' title='bbox 445 2895 584 2984; x_wconf 77' lang='lat' dir='ltr'><strong>ignorat.</strong></span> <span class='ocrx_word' id='word_1_111' title='bbox 632 2894 716 2962; x_wconf 88' lang='lat' dir='ltr'><strong>Haec</strong></span> <span class='ocrx_word' id='word_1_112' title='bbox 739 2899 882 2982; x_wconf 84' lang='lat' dir='ltr'><strong>quatuor</strong></span> <span class='ocrx_word' id='word_1_113' title='bbox 904 2914 1001 2982; x_wconf 87' lang='lat' dir='ltr'><strong>super</strong></span> <span class='ocrx_word' id='word_1_114' title='bbox 1024 2894 1135 2960; x_wconf 88' lang='lat' dir='ltr'><strong>omnia</strong></span> <span class='ocrx_word' id='word_1_115' title='bbox 1156 2896 1311 2982; x_wconf 87' lang='lat' dir='ltr'><strong>reprobat</strong></span> <span class='ocrx_word' id='word_1_116' title='bbox 1327 2896 1497 2984; x_wconf 77' lang='lat' dir='ltr'><strong>Scriptura</strong></span> 
     </span>
     <span class='ocr_line' id='line_1_22' title="bbox 445 2998 1497 3086; baseline 0.001 -21"><span class='ocrx_word' id='word_1_117' title='bbox 445 2999 553 3079; x_wconf 79' lang='lat' dir='ltr'><strong>Sacra,</strong></span> <span class='ocrx_word' id='word_1_118' title='bbox 577 2999 683 3065; x_wconf 80' lang='lat' dir='ltr'><strong>sancti</strong></span> <span class='ocrx_word' id='word_1_119' title='bbox 706 2999 933 3076; x_wconf 78' lang='lat' dir='ltr'><strong>condemnent,</strong></span> <span class='ocrx_word' id='word_1_120' title='bbox 962 2998 1019 3083; x_wconf 85' lang='lat' dir='ltr'><strong>jue</strong></span> <span class='ocrx_word' id='word_1_121' title='bbox 1041 2999 1232 3063; x_wconf 85' lang='lat' dir='ltr'><strong>canonicum</strong></span> <span class='ocrx_word' id='word_1_122' title='bbox 1255 3003 1357 3080; x_wconf 86' lang='lat' dir='ltr'><strong>vetet,</strong></span> <span class='ocrx_word' id='word_1_123' title='bbox 1392 3001 1497 3086; x_wconf 92' lang='lat' dir='ltr'><strong>philo·</strong></span> 
     </span>
     <span class='ocr_line' id='line_1_23' title="bbox 444 3099 1496 3190; baseline 0.003 -23"><span class='ocrx_word' id='word_1_124' title='bbox 444 3101 566 3190; x_wconf 85' lang='lat' dir='ltr'><strong>sophia,</strong></span> <span class='ocrx_word' id='word_1_125' title='bbox 599 3102 661 3167; x_wconf 89' lang='lat' dir='ltr'><strong>sab</strong></span> <span class='ocrx_word' id='word_1_126' title='bbox 693 3122 759 3188; x_wconf 88' lang='lat' dir='ltr'><strong>qua</strong></span> <span class='ocrx_word' id='word_1_127' title='bbox 798 3101 1037 3188; x_wconf 89' lang='lat' dir='ltr'><strong>comprehendo</strong></span> <span class='ocrx_word' id='word_1_128' title='bbox 1070 3099 1127 3185; x_wconf 90' lang='lat' dir='ltr'><strong>jus</strong></span> <span class='ocrx_word' id='word_1_129' title='bbox 1162 3101 1265 3180; x_wconf 89' lang='lat' dir='ltr'><strong>civile,</strong></span> <span class='ocrx_word' id='word_1_130' title='bbox 1305 3103 1496 3170; x_wconf 82' lang='lat' dir='ltr'><strong>detestatur.</strong></span> 
     </span>
     <span class='ocr_line' id='line_1_24' title="bbox 444 3202 1496 3290; baseline 0.002 -21"><span class='ocrx_word' id='word_1_131' title='bbox 444 3204 544 3270; x_wconf 90' lang='lat' dir='ltr'><strong>Unde</strong></span> <span class='ocrx_word' id='word_1_132' title='bbox 582 3205 625 3269; x_wconf 87' lang='lat' dir='ltr'><strong>ad</strong></span> <span class='ocrx_word' id='word_1_133' title='bbox 663 3205 837 3290; x_wconf 87' lang='lat' dir='ltr'><strong>imperium</strong></span> <span class='ocrx_word' id='word_1_134' title='bbox 876 3204 1003 3268; x_wconf 90' lang='lat' dir='ltr'><strong>domini</strong></span> <span class='ocrx_word' id='word_1_135' title='bbox 1026 3202 1213 3280; x_wconf 83' lang='lat' dir='ltr'><strong>Clementis,</strong></span> <span class='ocrx_word' id='word_1_136' title='bbox 1253 3205 1496 3290; x_wconf 79' lang='lat' dir='ltr'><strong>prredeoeeeoris</strong></span> 
     </span>
     <span class='ocr_line' id='line_1_25' title="bbox 443 3305 1495 3393; baseline 0.003 -22"><span class='ocrx_word' id='word_1_137' title='bbox 443 3305 539 3371; x_wconf 85' lang='lat' dir='ltr'><strong>istius</strong></span> <span class='ocrx_word' id='word_1_138' title='bbox 562 3327 663 3392; x_wconf 83' lang='lat' dir='ltr'><strong>papre,</strong></span> <span class='ocrx_word' id='word_1_139' title='bbox 688 3306 803 3393; x_wconf 83' lang='lat' dir='ltr'><strong>collegi</strong></span> <span class='ocrx_word' id='word_1_140' title='bbox 825 3307 860 3371; x_wconf 91' lang='lat' dir='ltr'><strong>in</strong></span> <span class='ocrx_word' id='word_1_141' title='bbox 883 3311 1028 3371; x_wconf 86' lang='lat' dir='ltr'><strong>tractatu</strong></span> <span class='ocrx_word' id='word_1_142' title='bbox 1051 3305 1181 3391; x_wconf 87' lang='lat' dir='ltr'><strong>speciali</strong></span> <span class='ocrx_word' id='word_1_143' title='bbox 1213 3307 1332 3371; x_wconf 87' lang='lat' dir='ltr'><strong>electae</strong></span> <span class='ocrx_word' id='word_1_144' title='bbox 1364 3314 1495 3374; x_wconf 86' lang='lat' dir='ltr'><strong>senten·</strong></span> 
     </span>
     <span class='ocr_line' id='line_1_26' title="bbox 442 3407 1494 3497; baseline 0.005 -25"><span class='ocrx_word' id='word_1_145' title='bbox 442 3407 508 3472; x_wconf 84' lang='lat' dir='ltr'><strong>tias</strong></span> <span class='ocrx_word' id='word_1_146' title='bbox 531 3407 711 3494; x_wconf 85' lang='lat' dir='ltr'><strong>Scripturas</strong></span> <span class='ocrx_word' id='word_1_147' title='bbox 745 3415 781 3474; x_wconf 88' lang='lat' dir='ltr'><strong>et</strong></span> <span class='ocrx_word' id='word_1_148' title='bbox 812 3412 1006 3487; x_wconf 87' lang='lat' dir='ltr'><strong>sanctorum,</strong></span> <span class='ocrx_word' id='word_1_149' title='bbox 1036 3407 1123 3493; x_wconf 86' lang='lat' dir='ltr'><strong>juris</strong></span> <span class='ocrx_word' id='word_1_150' title='bbox 1145 3408 1293 3473; x_wconf 88' lang='lat' dir='ltr'><strong>canonici</strong></span> <span class='ocrx_word' id='word_1_151' title='bbox 1324 3415 1359 3476; x_wconf 90' lang='lat' dir='ltr'><strong>et</strong></span> <span class='ocrx_word' id='word_1_152' title='bbox 1389 3411 1494 3497; x_wconf 90' lang='lat' dir='ltr'><strong>philo-</strong></span> 
     </span>
     <span class='ocr_line' id='line_1_27' title="bbox 442 3510 1495 3598; baseline 0.005 -24"><span class='ocrx_word' id='word_1_153' title='bbox 442 3510 574 3597; x_wconf 85' lang='lat' dir='ltr'><strong>sophiae,</strong></span> <span class='ocrx_word' id='word_1_154' title='bbox 610 3516 644 3576; x_wconf 85' lang='lat' dir='ltr'><strong>et</strong></span> <span class='ocrx_word' id='word_1_155' title='bbox 678 3511 841 3598; x_wconf 68' lang='lat' dir='ltr'><strong>praeposui</strong></span> <span class='ocrx_word' id='word_1_156' title='bbox 867 3511 1019 3575; x_wconf 89' lang='lat' dir='ltr'><strong>omnibus</strong></span> <span class='ocrx_word' id='word_1_157' title='bbox 1052 3511 1145 3574; x_wconf 80' lang='lat' dir='ltr'><strong>fibris</strong></span> <span class='ocrx_word' id='word_1_158' title='bbox 1177 3533 1259 3596; x_wconf 90' lang='lat' dir='ltr'><strong>quoe</strong></span> <span class='ocrx_word' id='word_1_159' title='bbox 1282 3513 1365 3589; x_wconf 89' lang='lat' dir='ltr'><strong>misi,</strong></span> <span class='ocrx_word' id='word_1_160' title='bbox 1390 3515 1495 3579; x_wconf 85' lang='lat' dir='ltr'><strong>causis</strong></span> 
     </span>
     <span class='ocr_line' id='line_1_28' title="bbox 441 3613 1494 3700; baseline 0.005 -22"><span class='ocrx_word' id='word_1_161' title='bbox 441 3613 604 3700; x_wconf 79' lang='lat' dir='ltr'><strong>pestiferis</strong></span> <span class='ocrx_word' id='word_1_162' title='bbox 648 3634 794 3679; x_wconf 87' lang='lat' dir='ltr'><strong>errorum</strong></span> <span class='ocrx_word' id='word_1_163' title='bbox 836 3614 1056 3679; x_wconf 87' lang='lat' dir='ltr'><strong>humanorum</strong></span> <span class='ocrx_word' id='word_1_164' title='bbox 1088 3613 1248 3700; x_wconf 83' lang='lat' dir='ltr'><strong>relegatis,</strong></span> <span class='ocrx_word' id='word_1_165' title='bbox 1287 3618 1329 3679; x_wconf 87' lang='lat' dir='ltr'><strong>ut</strong></span> <span class='ocrx_word' id='word_1_166' title='bbox 1366 3615 1494 3683; x_wconf 85' lang='lat' dir='ltr'><strong>facilius</strong></span> 
     </span>
     <span class='ocr_line' id='line_1_29' title="bbox 441 3715 1494 3803; baseline 0.004 -23"><span class='ocrx_word' id='word_1_167' title='bbox 441 3720 545 3782; x_wconf 86' lang='lat' dir='ltr'><strong>steret</strong></span> <span class='ocrx_word' id='word_1_168' title='bbox 578 3717 745 3803; x_wconf 79' lang='lat' dir='ltr'><strong>persuasio</strong></span> <span class='ocrx_word' id='word_1_169' title='bbox 775 3716 934 3782; x_wconf 79' lang='lat' dir='ltr'><strong>veritatis</strong></span> <span class='ocrx_word' id='word_1_170' title='bbox 1004 3715 1071 3780; x_wconf 85' lang='lat' dir='ltr'><strong>Sed</strong></span> <span class='ocrx_word' id='word_1_171' title='bbox 1108 3738 1195 3781; x_wconf 90' lang='lat' dir='ltr'><strong>nune</strong></span> <span class='ocrx_word' id='word_1_172' title='bbox 1222 3716 1323 3802; x_wconf 86' lang='lat' dir='ltr'><strong>juxta</strong></span> <span class='ocrx_word' id='word_1_173' title='bbox 1354 3718 1494 3784; x_wconf 84' lang='lat' dir='ltr'><strong>formam</strong></span> 
     </span>
     <span class='ocr_line' id='line_1_30' title="bbox 442 3819 1494 3906; baseline 0.003 -22"><span class='ocrx_word' id='word_1_174' title='bbox 442 3819 636 3906; x_wconf 80' lang='lat' dir='ltr'><strong>Compendii</strong></span> <span class='ocrx_word' id='word_1_175' title='bbox 660 3820 756 3885; x_wconf 85' lang='lat' dir='ltr'><strong>istius</strong></span> <span class='ocrx_word' id='word_1_176' title='bbox 771 3841 935 3906; x_wconf 78' lang='lat' dir='ltr'><strong>exponam</strong></span> <span class='ocrx_word' id='word_1_177' title='bbox 955 3819 1110 3895; x_wconf 85' lang='lat' dir='ltr'><strong>breviter,</strong></span> <span class='ocrx_word' id='word_1_178' title='bbox 1136 3819 1281 3905; x_wconf 85' lang='lat' dir='ltr'><strong>allegans</strong></span> <span class='ocrx_word' id='word_1_179' title='bbox 1297 3825 1411 3885; x_wconf 86' lang='lat' dir='ltr'><strong>contre</strong></span> <span class='ocrx_word' id='word_1_180' title='bbox 1426 3824 1494 3887; x_wconf 84' lang='lat' dir='ltr'><strong>tria</strong></span> 
     </span>
     <span class='ocr_line' id='line_1_31' title="bbox 440 3918 1492 4010; baseline 0.004 -25"><span class='ocrx_word' id='word_1_181' title='bbox 440 3921 554 4007; x_wconf 86' lang='lat' dir='ltr'><strong>prima,</strong></span> <span class='ocrx_word' id='word_1_182' title='bbox 580 3923 812 3987; x_wconf 84' lang='lat' dir='ltr'><strong>auctoritatem</strong></span> <span class='ocrx_word' id='word_1_183' title='bbox 838 3922 970 3987; x_wconf 79' lang='lat' dir='ltr'><strong>Senecae</strong></span> <span class='ocrx_word' id='word_1_184' title='bbox 1000 3922 1035 3985; x_wconf 91' lang='lat' dir='ltr'><strong>in</strong></span> <span class='ocrx_word' id='word_1_185' title='bbox 1061 3921 1146 3986; x_wconf 90' lang='lat' dir='ltr'><strong>libro</strong></span> <span class='ocrx_word' id='word_1_186' title='bbox 1162 3921 1377 3986; x_wconf 85' lang='lat' dir='ltr'><strong>secundarum</strong></span> <span class='ocrx_word' id='word_1_187' title='bbox 1399 3918 1492 4010; x_wconf 69' lang='lat' dir='ltr'><strong>&#39;cpis-</strong></span> 
     </span>
     <span class='ocr_line' id='line_1_32' title="bbox 440 4023 1490 4111; baseline 0.004 -23"><span class='ocrx_word' id='word_1_188' title='bbox 440 4024 604 4102; x_wconf 84' lang='lat' dir='ltr'><strong>telarum,l</strong></span> <span class='ocrx_word' id='word_1_189' title='bbox 639 4027 696 4110; x_wconf 93' lang='lat' dir='ltr'><strong>qui</strong></span> <span class='ocrx_word' id='word_1_190' title='bbox 727 4048 766 4090; x_wconf 83' lang='lat' dir='ltr'><strong>aa</strong></span> <span class='ocrx_word' id='word_1_191' title='bbox 804 4047 869 4089; x_wconf 92' lang='lat' dir='ltr'><strong>uno</strong></span> <span class='ocrx_word' id='word_1_192' title='bbox 905 4046 1052 4089; x_wconf 87' lang='lat' dir='ltr'><strong>sermone</strong></span> <span class='ocrx_word' id='word_1_193' title='bbox 1088 4023 1213 4111; x_wconf 80' lang='lat' dir='ltr'><strong>colligit</strong></span> <span class='ocrx_word' id='word_1_194' title='bbox 1259 4029 1293 4089; x_wconf 89' lang='lat' dir='ltr'><strong>et</strong></span> <span class='ocrx_word' id='word_1_195' title='bbox 1327 4027 1490 4111; x_wconf 85' lang='lat' dir='ltr'><strong>reprobet,</strong></span> 
     </span>
     <span class='ocr_line' id='line_1_33' title="bbox 440 4126 1493 4213; baseline 0.005 -24"><span class='ocrx_word' id='word_1_196' title='bbox 440 4126 570 4191; x_wconf 84' lang='lat' dir='ltr'><strong>diceus:</strong></span> <span class='ocrx_word' id='word_1_197' title='bbox 596 4135 614 4162; x_wconf 89' lang='lat'><strong>“</strong></span> <span class='ocrx_word' id='word_1_198' title='bbox 630 4127 724 4193; x_wconf 84' lang='lat' dir='ltr'><strong>Inter</strong></span> <span class='ocrx_word' id='word_1_199' title='bbox 748 4148 861 4192; x_wconf 83' lang='lat' dir='ltr'><strong>caueae</strong></span> <span class='ocrx_word' id='word_1_200' title='bbox 895 4127 1055 4191; x_wconf 84' lang='lat' dir='ltr'><strong>melorum</strong></span> <span class='ocrx_word' id='word_1_201' title='bbox 1093 4133 1280 4191; x_wconf 87' lang='lat' dir='ltr'><strong>nostrorum</strong></span> <span class='ocrx_word' id='word_1_202' title='bbox 1317 4133 1367 4191; x_wconf 89' lang='lat' dir='ltr'><strong>cst</strong></span> <span class='ocrx_word' id='word_1_203' title='bbox 1404 4131 1493 4213; x_wconf 92' lang='lat' dir='ltr'><strong>quod</strong></span> 
     </span>
     <span class='ocr_line' id='line_1_34' title="bbox 442 4229 1492 4316; baseline 0.006 -26"><span class='ocrx_word' id='word_1_204' title='bbox 442 4229 627 4294; x_wconf 85' lang='lat' dir='ltr'><strong>“vivimus</strong></span> <span class='ocrx_word' id='word_1_205' title='bbox 655 4232 698 4293; x_wconf 88' lang='lat' dir='ltr'><strong>ad</strong></span> <span class='ocrx_word' id='word_1_206' title='bbox 721 4230 880 4316; x_wconf 81' lang='lat' dir='ltr'><strong>exempla,</strong></span> <span class='ocrx_word' id='word_1_207' title='bbox 909 4251 968 4293; x_wconf 89' lang='lat' dir='ltr'><strong>nec</strong></span> <span class='ocrx_word' id='word_1_208' title='bbox 1006 4229 1134 4294; x_wconf 86' lang='lat' dir='ltr'><strong>ratione</strong></span> <span class='ocrx_word' id='word_1_209' title='bbox 1172 4229 1405 4314; x_wconf 87' lang='lat' dir='ltr'><strong>componimur,</strong></span> <span class='ocrx_word' id='word_1_210' title='bbox 1434 4233 1492 4296; x_wconf 82' lang='lat' dir='ltr'><strong>sed</strong></span> 
     </span>
     <span class='ocr_line' id='line_1_35' title="bbox 442 4331 1488 4418; baseline 0.004 -24"><span class='ocrx_word' id='word_1_211' title='bbox 442 4339 458 4362; x_wconf 90' lang='lat'><em>“</em></span> <span class='ocrx_word' id='word_1_212' title='bbox 482 4333 716 4398; x_wconf 86' lang='lat' dir='ltr'><strong>consuetudine</strong></span> <span class='ocrx_word' id='word_1_213' title='bbox 754 4333 948 4397; x_wconf 83' lang='lat' dir='ltr'><strong>abducimur</strong></span> <span class='ocrx_word' id='word_1_214' title='bbox 960 4357 968 4412; x_wconf 91' lang='lat'>;</span> <span class='ocrx_word' id='word_1_215' title='bbox 1015 4331 1105 4418; x_wconf 88' lang='lat' dir='ltr'><strong>quod</strong></span> <span class='ocrx_word' id='word_1_216' title='bbox 1143 4332 1170 4396; x_wconf 86' lang='lat' dir='ltr'><strong>si</strong></span> <span class='ocrx_word' id='word_1_217' title='bbox 1201 4332 1296 4417; x_wconf 84' lang='lat' dir='ltr'><strong>pauci</strong></span> <span class='ocrx_word' id='word_1_218' title='bbox 1335 4332 1488 4413; x_wconf 82' lang='lat' dir='ltr'><strong>fecerent,</strong></span> 
     </span>
    </p>
   </div>
   <div class='ocr_carea' id='block_1_7' title="bbox 738 4639 1155 4711">
    <p class='ocr_par' dir='ltr' id='par_1_7' title="bbox 738 4639 1155 4711">
     <span class='ocr_line' id='line_1_36' title="bbox 738 4639 1155 4711; baseline 0.017 -21"><span class='ocrx_word' id='word_1_219' title='bbox 738 4641 743 4670; x_wconf 88' lang='lat'>¹</span> <span class='ocrx_word' id='word_1_220' title='bbox 756 4639 921 4711; x_wconf 76' lang='lat' dir='ltr'><strong>epistolarum]</strong></span> <span class='ocrx_word' id='word_1_221' title='bbox 935 4645 974 4696; x_wconf 81' lang='lat' dir='ltr'><strong>Oi.</strong></span> <span class='ocrx_word' id='word_1_222' title='bbox 987 4660 1069 4709; x_wconf 80' lang='lat' dir='ltr'><strong>supra,</strong></span> <span class='ocrx_word' id='word_1_223' title='bbox 1081 4662 1104 4709; x_wconf 89' lang='lat' dir='ltr'><strong>p.</strong></span> <span class='ocrx_word' id='word_1_224' title='bbox 1117 4652 1155 4697; x_wconf 79' lang='lat'><strong>72.</strong></span> 
     </span>
    </p>
   </div>
   <div class='ocr_carea' id='block_1_8' title="bbox 0 0 1798 5640">
    <p class='ocr_par' dir='ltr' id='par_1_8' title="bbox 0 0 1798 5640">
     <span class='ocr_line' id='line_1_37' title="bbox 0 0 1798 5640; baseline 0 7"><span class='ocrx_word' id='word_1_225' title='bbox 0 0 1798 5640; x_wconf 95' lang='lat' dir='ltr'><strong> </strong></span> 
     </span>
    </p>
   </div>
  </div>
 </body>
</html>
