3586 5640
314 776 378 866 xi]
648 792 879 844 conraumuu
900 791 1027 844 arnon.
1299 779 1362 844 511

312 973 446 1056 proptor
466 990 534 1037 non
557 974 607 1036 est
628 969 798 1047 instantia,
815 969 894 1055 quia
915 968 1037 1037 abusus
1059 969 1234 1038 modernus
1255 969 1366 1058 posuit

313 1094 329 1137 o
351 1072 388 1138 in
410 1072 598 1158 hujusmodi
619 1071 796 1140 vocalibus.

357 1174 437 1241 Tros
474 1196 552 1240 vero
583 1175 743 1260 prosodias
780 1181 941 1243 vooantur
977 1175 1066 1262 apud
1104 1175 1243 1255 Graeoos‚
1275 1175 1365 1258 osia,
1379 1189 1498 1242 nocens.

314 1276 423 1357 baria
456 1282 491 1344 st
523 1276 770 1363 pertapmnoai,
813 1279 875 1349 hoo
912 1285 964 1346 est
1001 1283 1107 1360 acuta,
1146 1279 1265 1365 gravia,
1304 1278 1366 1346 oir-

313 1379 483 1461 oumflexa,
532 1385 567 1446 st
606 1379 762 1447 dieantur
795 1382 869 1447 toni
906 1383 942 1448 in
979 1382 1095 1449 Graooo
1125 1381 1249 1448 soilioot
1282 1380 1365 1462 oste,

314 1482 415 1560 boris,
450 1481 709 1568 peotspomaaes.
777 1483 823 1550 Et
867 1483 920 1551 hae
951 1485 1029 1554 solae
1063 1485 1224 1571 prosodiae
1246 1506 1365 1552 vooan·

313 1591 370 1652 tur
406 1586 494 1671 apud
531 1607 591 1652 nos
618 1591 778 1664 accentus,
812 1586 892 1672 quia
923 1587 1108 1654 evidentior
1130 1591 1181 1653 est
1202 1592 1367 1669 aooantus,

313 1695 348 1755 ot
384 1689 546 1755 sonoritas
581 1689 786 1757 manifestior
830 1689 882 1755 his
925 1711 1024 1776 quam
1057 1689 1141 1756 aliis.
1211 1689 1256 1755 Et
1293 1691 1367 1756 ideo

312 1793 395 1858 bone
432 1797 665 1878 comparantur
686 1792 796 1859 tertiae
819 1792 1016 1858 dimensioni
1047 1814 1121 1878 quaa
1144 1792 1285 1880 complet
1309 1816 1367 1859 na·

312 1901 422 1962 turam
445 1894 664 1962 dimensionis.
726 1895 793 1963 Sed
814 1894 1003 1980 hujusmodi
1037 1895 1190 1981 prosodia
1225 1895 1368 1983 oomplot

311 2002 495 2069 tensionem
532 2001 614 2066 soni.
662 2001 707 2066 Et
744 2000 900 2067 dicuntur
936 2006 1074 2079 tenores,
1108 2001 1187 2088 quia
1223 2001 1367 2070 tendunt

313 2126 429 2170 sonum
466 2104 521 2169 vel
556 2124 694 2180 sursum,
723 2103 778 2169 vel
815 2103 976 2185 deorsum,
1008 2104 1063 2171 vel
1105 2104 1214 2169 modio
1260 2105 1366 2172 modo.

314 2206 414 2272 Unde
451 2205 526 2271 ouis
559 2226 617 2271 seu
651 2211 766 2271 sputus
804 2212 955 2272 accontus
992 2206 1110 2292 incipit
1148 2207 1190 2272 ab
1227 2206 1295 2272 imo
1333 2211 1367 2275 et

313 2308 460 2374 ascendit
496 2307 533 2371 in
570 2307 675 2373 altum
713 2308 756 2372 od
793 2307 928 2374 modum
966 2307 1153 2374 lanoearum
1195 2313 1367 2390 acutarum

313 2415 501 2488 erectarum,
547 2415 588 2474 ut
627 2410 874 2496 exemplificant
921 2409 1035 2478 Groeoi.
1103 2410 1149 2477 Et
1198 2417 1248 2479 est
1297 2413 1367 2498 ejus

313 2514 419 2601 figura
443 2512 456 2598 (
464 2513 497 2598 l)
522 2533 620 2598 snper
641 2512 803 2598 syllohom
818 2512 926 2599 posita
940 2512 1026 2578 talis.
1057 2511 1164 2580 Botis
1183 2516 1367 2602 seugravis

314 2625 349 2682 et
371 2615 555 2702 ponderosa
577 2614 696 2702 inoipit
718 2615 761 2681 ab
795 2614 865 2681 alto
888 2621 923 2682 et
954 2616 1122 2682 deseendit
1156 2617 1200 2683 ad
1231 2619 1366 2685 modurn

312 2721 360 2785 rsi
382 2720 493 2806 gravis
516 2722 551 2785 et
565 2718 763 2805 ponderosas.
795 2717 974 2785 Descendit
989 2720 1078 2785 onim
1100 2721 1278 2786 secundum
1293 2722 1367 2787 lite-

311 2846 382 2890 ram
404 2828 526 2888 rectam
542 2844 563 2886 a
585 2843 714 2888 sursum
736 2821 773 2887 in
796 2820 948 2889 deorsum
967 2823 1014 2888 sio
1042 2821 1109 2910 (x),
1134 2845 1207 2908 quas
1231 2824 1367 2909 ponitur

312 2948 409 3012 super
431 2925 594 3012 syllabam
616 2924 801 3009 aliquando.
847 2922 1089 3009 Periaporneaa'
1104 2926 1257 3010 prosodia
1279 2947 1365 2991 oom-

312 3029 449 3116 ponitur
486 3049 528 3092 ox
566 3031 663 3091 acuto
702 3031 737 3091 et
774 3025 879 3111 gravi,
917 3030 951 3090 et
989 3026 1107 3112 incipit
1141 3027 1183 3091 ab
1210 3027 1364 3106 inferiori,

312 3131 489 3196 intendens
523 3127 680 3214 superius,
705 3127 827 3192 iterum
858 3126 1038 3192 inclinatur
1069 3129 1247 3210 deorsum;
1274 3131 1367 3216 eujus

311 3234 418 3318 figura
440 3235 490 3296 est
512 3231 605 3315 quasi
627 3229 808 3314 composita
830 3251 872 3294 ex
894 3228 1000 3316 figura
1022 3235 1127 3297 aontae
1149 3233 1310 3319 prosodias
1332 3237 1367 3299 et

312 3334 423 3422 gravis
438 3333 492 3397 vel
506 3333 613 3418 figura
627 3331 719 3417 quasi
741 3331 900 3417 superiori
915 3337 1009 3418 parte
1024 3334 1136 3400 oirouli
1151 3335 1197 3401 sio
1214 3336 1292 3423 (n).
1321 3337 1366 3404 Et

312 3438 376 3501 isto
407 3440 533 3520 septem
567 3433 726 3520 prosodias
748 3433 889 3519 proprias
915 3441 1077 3502 vocantur
1110 3460 1131 3503 o
1152 3437 1300 3520 Graeois;
1332 3446 1366 3506 et

312 3539 497 3604 formantur
520 3557 632 3601 eorum
654 3535 770 3622 figurae
793 3558 814 3600 a
840 3536 948 3602 tribus
970 3537 1084 3621 literis,
1108 3541 1232 3607 seilicet
1254 3542 1365 3622 lodda,

311 3641 409 3720 tlstto,
426 3645 460 3705 et
482 3638 541 3705 aa.
588 3637 677 3703 Nam
694 3637 765 3703 haeo
784 3638 891 3726 figura
913 3643 949 3717 Λ,
967 3661 1041 3725 quae
1063 3648 1114 3708 est
1135 3643 1238 3729 ipsius
1254 3644 1364 3723 lodda,

311 3744 412 3809 habet
434 3744 470 3807 in
492 3763 527 3807 sa
548 3746 663 3807 notam
685 3746 791 3806 acutas
813 3743 973 3827 prosodia
995 3748 1030 3808 st
1057 3744 1175 3831 gravis.
1223 3744 1367 3812 Sinistra

311 3847 399 3913 enim
435 3845 507 3930 ojus
544 3865 619 3930 pars
657 3848 708 3908 est
745 3848 825 3909 nota
862 3850 976 3923 aoutae,
1016 3852 1051 3912 et
1089 3847 1207 3912 dextra
1243 3849 1362 3935 gravis.

312 3949 437 4035 Figura
458 3946 547 4012 onim
569 3946 648 4023 haeo,
672 3967 746 4031 quaa
775 3951 826 4011 est
848 3947 949 4032 ipsius
984 3947 1080 4026 etita,
1105 3954 1215 4035 potest
1247 3950 1366 4017 resolvi

311 4053 347 4117 in
369 4057 497 4138 partem
519 4048 719 4135 superiorem
750 4069 810 4135 pro
842 4054 923 4116 nota
953 4051 1115 4136 prosodias
1139 4051 1364 4132 circumflexos,

311 4160 346 4220 et
379 4155 416 4218 in
449 4158 577 4239 partem
610 4151 798 4218 inferiorem
834 4172 894 4238 pro
927 4158 1009 4217 nota
1041 4153 1225 4233 brevitatis,
1258 4160 1293 4220 et
1331 4156 1367 4222 in

310 4257 441 4322 literam
478 4253 732 4322 transversalem
768 4274 827 4341 pro
864 4260 945 4320 nota
981 4253 1162 4343 longitatis.
1219 4255 1265 4323 Et
1295 4257 1366 4325 haeo

310 4359 417 4446 figura
451 4358 510 4446 (a)
545 4379 619 4442 quae
649 4355 704 4423 ita
730 4355 859 4434 dieitur,
889 4362 998 4444 potest
1029 4357 1148 4424 resolvi
1178 4359 1215 4424 in
1236 4366 1365 4448 partam

311 4461 486 4539 sinistram,
510 4481 584 4546 quae
607 4464 657 4525 est
678 4460 785 4547 figura
807 4458 922 4538 dosia
938 4466 974 4526 st
994 4461 1032 4526 in
1052 4467 1181 4548 partem
1202 4464 1363 4544 dextram,

311 4585 385 4650 quas
407 4566 458 4629 est
479 4558 586 4648 figura
608 4561 711 4647 ipsius
728 4560 828 4649 poili,
851 4568 892 4628 ut
921 4563 1049 4629 dietum
1076 4567 1127 4630 est
1153 4566 1252 4653 prius
1298 4568 1364 4634 Sed

310 4666 400 4759 apud
422 4664 552 4734 Graecos
574 4686 642 4731 non
664 4665 801 4755 ponitur
821 4670 904 4732 nota
929 4666 1041 4758 mois
1067 4673 1219 4738 aooentus
1240 4669 1306 4738 nisi
1326 4671 1364 4738 in
