3586 5640
462 811 527 879 172
842 824 970 874 rosam
994 821 1140 873 ascerus
1425 805 1514 892 [cnr.

459 997 659 1063 divisibilem
682 997 826 1084 aggredi,
849 997 935 1064 sicut
956 998 1039 1077 vult,
1055 1001 1089 1062 et
1111 997 1242 1082 quando
1263 995 1340 1060 vult
1351 1018 1360 1074 ;
1383 999 1417 1060 et
1432 1003 1513 1062 tunc

458 1100 553 1166 cum¹
579 1101 759 1188 pertrmrsit
781 1117 802 1164 13
824 1101 931 1166 locum
955 1099 1162 1176 divisibilem,
1179 1102 1215 1164 et
1237 1115 1266 1178 ο,
1283 1103 1317 1163 et
1340 1115 1375 1177 n,
1391 1103 1425 1162 et
1447 1099 1513 1163 alia

457 1202 529 1269 loca
551 1204 740 1284 divisibilia,
764 1203 906 1289 aequalia
921 1203 983 1289 ipsi
1004 1218 1037 1266 A.
1085 1200 1174 1267 Nam
1197 1200 1432 1287 pertransitum
1449 1201 1513 1266 crit

457 1329 584 1392 semper
606 1329 648 1372 ex
671 1305 893 1373 divisibilibus
915 1305 1066 1392 partibus
1082 1304 1297 1390 compositum
1309 1327 1318 1383 ;
1341 1310 1375 1369 et
1390 1303 1513 1390 poterit

458 1409 655 1495 pertransire
687 1409 860 1473 minimum
892 1408 1036 1494 spatium
1059 1412 1093 1472 et
1115 1407 1297 1471 maximum
1321 1407 1407 1471 sicut
1429 1406 1510 1472 vult.

458 1511 504 1576 Et
526 1513 572 1577 sic
595 1512 741 1577 existens
764 1511 800 1574 in
822 1526 845 1574 A
868 1511 937 1575 loeo
960 1509 1129 1586 divisibili,
1147 1510 1203 1595 qui
1230 1517 1282 1574 est
1306 1509 1467 1574 terminus
1490 1532 1511 1574 a

457 1636 532 1700 quo,
556 1619 666 1701 potest
698 1613 882 1698 relinquere
915 1611 1009 1677 illum
1041 1611 1148 1678 locum
1170 1611 1349 1678 secundum
1371 1617 1508 1699 partem,

456 1722 491 1782 et
521 1738 676 1803 occupare
707 1715 748 1781 de
779 1732 800 1779 Β
839 1715 908 1781 loco
939 1719 1075 1801 partem,
1115 1719 1153 1778 ut
1195 1713 1247 1780 hae
1286 1715 1362 1780 dure
1401 1720 1510 1801 partes

455 1824 628 1904 aequentur
665 1818 730 1884 toti
760 1818 813 1882 Ast
891 1817 1102 1904 Relinquitur
1143 1838 1220 1904 ergo
1261 1817 1350 1903 quod
1389 1819 1509 1904 partim

454 1923 577 2008 poterit
599 1943 666 1987 esse
688 1921 724 1985 in
751 1919 893 1986 termino
927 1943 948 1985 a
981 1942 1054 2006 quo,
1086 1926 1121 1986 et
1150 1919 1272 2007 partini
1302 1920 1337 1984 in
1367 1920 1509 1987 termino

454 2025 497 2089 ad
527 2048 633 2111 quern,
668 2028 703 2089 et
732 2024 781 2088 ita
810 2023 934 2110 poterit
970 2021 1095 2088 moveri
1107 2047 1116 2103 ;
1156 2022 1235 2107 quia
1264 2022 1505 2089 demonstratio

454 2127 644 2192 Aristotelis
670 2147 736 2192 non
767 2125 913 2211 requirit,
945 2125 1011 2190 nisi
1042 2124 1131 2211 quod
1157 2124 1279 2190 mobile
1299 2126 1404 2211 possit
1427 2148 1506 2214 quo·

453 2251 518 2314 quo
548 2228 645 2294 modo
675 2250 830 2315 occupare
861 2233 971 2315 partes
1001 2228 1218 2294 terminorum
1254 2227 1402 2306 duorum,
1439 2230 1507 2296 sive

452 2331 513 2395 hoc
541 2333 602 2396 fiat
631 2353 689 2417 per
719 2330 970 2417 partibilitatem
1008 2331 1059 2395 sui
1089 2335 1129 2395 ut
1159 2329 1297 2417 corpus,⁸
1336 2333 1407 2397 sive
1450 2354 1508 2418 per

452 2433 702 2517 partibilitatem
732 2432 949 2497 terminorum
980 2438 1210 2519 occupatorum
1240 2456 1261 2497 a
1282 2433 1406 2515 mobili,
1430 2434 1507 2500 licet

451 2556 518 2599 non
541 2534 586 2599 sit
608 2556 731 2621 corpus.
778 2535 842 2600 Sed
866 2535 1010 2600 mutatio
1032 2535 1123 2600 nullo
1146 2535 1243 2600 modo
1259 2535 1324 2613 fiet,
1341 2536 1370 2600 si
1385 2535 1506 2603 habeat

451 2636 587 2723 angelus
602 2637 709 2703 locum
733 2637 943 2716 divisibilem,
960 2642 1094 2724 propter
1123 2637 1267 2703 rationes
1287 2639 1435 2724 superius
1455 2662 1505 2705 aa·

450 2739 596 2827 signatas
619 2739 660 2805 de
689 2739 820 2805 finitate
847 2740 984 2805 virtutis
1014 2745 1048 2805 et
1078 2739 1145 2805 suis
1166 2740 1347 2806 comitibus.

785 3000 787 3002 ’
866 3026 944 3093 en.
970 3025 1111 3092 mvn.

285 3227 322 3307 .⁰s
330 3230 399 3295 place
497 3217 666 3297 Quorvmu
681 3223 792 3283 autem
808 3218 878 3285 haec
901 3218 1039 3304 quaestio
1063 3218 1103 3284 de
1127 3218 1403 3285 transmutatione
1426 3217 1502 3285 sub-

283 3298 399 3415 ζξζζξζζ
417 3319 650 3415 i'stantiarum
693 3321 915 3407 spiritualium
962 3322 1123 3386 fundatur
1157 3343 1254 3408 super
1291 3323 1501 3388 existentiam

282 3431 357 3481 ritual
368 3382 416 3484 ns?
450 3443 561 3486 earum
584 3422 619 3486 in
641 3422 720 3502 loco,
737 3429 776 3488 ut
798 3427 891 3509 patet
913 3447 955 3488 ex
973 3422 1042 3509 jam
1069 3423 1189 3504 dictis;
1212 3424 1290 3511 quia
1310 3424 1338 3489 si
1356 3424 1502 3490 habeant

283 3506 358 3548 tures.
449 3522 557 3589 locum
580 3523 817 3591 indivisibilem
847 3547 907 3591 neo
937 3526 1161 3592 movebuntur
1191 3549 1251 3592 nec
1281 3528 1502 3593 mutabuntur

448 3626 603 3706 localiter,
638 3632 673 3693 et
703 3627 731 3694 si
762 3628 962 3694 divisibilem
997 3650 1065 3694 non
1095 3629 1314 3695 mutabuntur
1348 3631 1405 3695 sed
1431 3651 1500 3696 mo·

448 3729 639 3811 vebuntur3
671 3731 745 3797 ideo
768 3736 899 3819 oportet
921 3731 974 3796 hic
996 3732 1200 3798 considerare
1223 3733 1264 3798 de
1287 3732 1356 3799 loco
1379 3755 1500 3813 eorum,

449 3833 538 3917 quod
572 3856 640 3898 non
672 3833 774 3899 babet
805 3834 931 3920 aliquid
961 3833 1124 3900 difficilius
1154 3858 1188 3900 se
1220 3833 1256 3899 in
1286 3840 1359 3900 tota
1388 3857 1500 3922 specu-

448 3934 572 4001 latione
605 3937 784 4023 sapientiae.
832 3936 947 4003 Habet
978 3943 1091 4004 tamen
1126 3938 1191 4003 duo
1225 3938 1366 4024 aequalia
1399 3938 1429 4002 ei
1463 3937 1499 4003 in

448 4035 650 4118 difficultate,
675 4040 715 4105 de
747 4062 884 4126 quorum
921 4041 1025 4106 altero
1056 4040 1184 4106 dicetur
1214 4047 1287 4126 post
1318 4039 1386 4121 hoc,
1421 4041 1499 4126 quia

447 4158 614 4202 annexum
633 4171 637 4178 ·
656 4147 707 4206 est
747 4143 828 4207 istis.
898 4142 964 4208 Sed
986 4143 1022 4207 in
1045 4142 1197 4209 hocloco
1220 4143 1295 4209 volo
1327 4143 1498 4230 procedere

446 4240 625 4304 secundum
648 4243 719 4308 vias
739 4241 963 4329 inquisitionis
982 4250 1017 4310 et
1037 4240 1247 4324 recitationis,
1271 4247 1376 4333 magis
1399 4267 1497 4332 quam

447 4336 730 4409 determinationis
768 4352 802 4411 et
833 4345 1041 4413 diffinitionis
1077 4348 1215 4435 alicujus
1252 4349 1432 4426 sententiae,
1463 4353 1499 4413 et

764 4553 775 4557 ..
799 4553 806 4557 ,
815 4551 1346 4562 ———-·-——————--———-.....-.<-o-.
1356 4554 1495 4563 .-—-—-

1029 4668 1038 4696 ⁸
1055 4666 1155 4733 corpur]
1174 4676 1212 4718 est
1222 4669 1252 4718 de
1264 4681 1374 4732 corpore,
1387 4667 1417 4718 T.
