3586 5640
451 765 516 830 346
831 774 959 824 nouum
981 775 1127 825 ascerus

284 964 394 1016 Variam
451 976 524 1019 mua
556 953 750 1039 [octavum].
801 951 936 1016 Murum
966 952 1036 1038 ejus
1067 951 1213 1037 undique
1242 974 1300 1038 per
1329 951 1504 1018 circuitum

282 1029 436 1149 ζζῗὲᾊοΐ
451 1057 557 1144 longit
543 1057 691 1121 tudinem
714 1055 817 1140 quing
796 1060 969 1120 uentorum
991 1055 1176 1119 cubitorum
1198 1054 1320 1119 veritas
1339 1054 1506 1120 Hebralea

285 1173 359 1218 tures
394 1113 422 1162 p
451 1158 660 1224 nonhabet:
686 1158 744 1223 sed
771 1157 963 1242 simpliciter
983 1156 1225 1243 longitudinem
1248 1158 1505 1243 quingentorum

450 1268 485 1329 et
529 1261 741 1326 latitudinem
786 1261 1049 1346 quingentorum,
1087 1266 1127 1324 ut
1163 1260 1381 1325 subaudiatur
1417 1260 1505 1325 cala·

451 1386 586 1430 morum.

496 1467 561 1532 Sed
600 1470 635 1530 et
672 1463 862 1551 hujusmodi
893 1463 999 1529 multa
1020 1469 1160 1551 possunt
1190 1463 1335 1550 allegari.
1382 1464 1428 1529 Et
1458 1465 1502 1529 ad

451 1569 568 1634 borum
591 1567 724 1652 planam
747 1565 1029 1631 confirmationem
1051 1570 1162 1651 potest
1184 1565 1306 1631 Beda
1297 1588 1333 1631 m
1358 1567 1503 1632 secunda

450 1671 654 1809 expositione
676 1668 742 1754 [in]
759 1666 879 1732 Actus¹
896 1668 1022 1733 adduci
1070 1667 1161 1732 Dicit
1180 1669 1288 1733 enim:
1313 1667 1502 1784 “tituendam

451 1772 596 1857 “[quae]
636 1771 673 1834 in
697 1770 820 1848 Graeco,
845 1770 915 1834 sive
947 1769 1054 1847 aliter,
1089 1770 1159 1833 sive
1191 1770 1265 1855 plus
1296 1776 1356 1836 aut
1389 1770 1501 1835 minus

452 1882 470 1910 ‘⁴
492 1874 602 1960 posita
638 1872 792 1951 vidimus,
823 1871 969 1937 breviter
1007 1892 1260 1937 commemorare
1303 1874 1498 1939 curavimus

452 1983 471 2013 “
495 1977 578 2057 Quae
601 1980 714 2040 utrum
736 1973 939 2060 negligentia
959 1973 1150 2060 interpretis
1172 1976 1299 2053 omissa,
1321 1975 1376 2041 vel
1405 1975 1503 2041 aliter

452 2085 470 2116 “
495 2078 593 2157 dictu,
624 2100 668 2142 an
705 2077 833 2141 incuria
869 2076 1078 2141 librariorum
1115 2077 1184 2141 sint
1215 2077 1406 2163 depravata,
1429 2078 1501 2143 sive

452 2190 469 2217 “
491 2181 615 2260 relicta,
645 2180 795 2244 nondum
824 2179 907 2243 scire
935 2178 1111 2264 potuimus
1161 2178 1315 2264 Namque
1349 2178 1502 2246 Graeeum

450 2282 659 2368 “exemplar
703 2281 801 2346 fuisse
854 2282 1017 2357 falsatum,
1067 2280 1225 2367 suspicari
1268 2303 1337 2347 non
1389 2283 1503 2348 audeo.

451 2394 469 2420 “
493 2384 594 2449 Unde
624 2385 777 2449 lectorem
810 2383 978 2462 admoneo,
1001 2388 1042 2448 ut
1074 2383 1145 2449 haee
1174 2383 1361 2468 ubieunque
1390 2384 1504 2451 feceri·

451 2493 469 2523 “
492 2507 575 2564 mus,
590 2487 700 2572 gratia
721 2485 917 2550 eruditionis
939 2485 1037 2571 legat,
1054 2506 1121 2549 non
1143 2485 1180 2549 in
1201 2507 1261 2551 suo
1283 2492 1396 2553 tamen
1409 2488 1503 2553 volu-

451 2594 469 2623 “
492 2588 581 2653 mine
604 2587 698 2653 velut
719 2587 952 2652 emendaturus
973 2588 1157 2665 interserat,
1180 2588 1246 2651 nisi
1269 2588 1353 2654 forte
1377 2588 1447 2676 [ea]
1466 2590 1503 2655 in

452 2698 470 2727 “
494 2688 614 2755 Latino
651 2689 762 2754 codiee
799 2710 868 2755 suae
906 2688 1062 2754 editionis
1099 2690 1286 2775 antiquitus
1319 2690 1366 2756 sic
1398 2690 1503 2757 inter·

451 2799 470 2827 “
493 2797 623 2879 prelata
659 2792 824 2878 repererit.
881 2791 970 2856 Nam
1009 2797 1044 2857 et
1081 2791 1308 2878 Hieronymus
1348 2793 1503 2879 pleraque

451 2901 469 2931 “
493 2895 684 2961 testimonia
714 2895 836 2961 veteris
867 2894 1089 2973 instrumenti,
1119 2900 1160 2960 ut
1184 2894 1350 2959 Hebra'r'ea
1379 2896 1504 2961 veritas

452 3009 470 3037 “
493 3002 603 3082 habet,
627 3003 762 3083 edocet3
783 3023 844 3067 nec
867 3006 979 3066 tamen
1009 3002 1079 3068 haec
1112 3001 1162 3066 ita
1192 3001 1229 3064 in
1260 3001 1381 3067 nostris
1412 3003 1501 3067 eodi-

451 3110 469 3139 “
492 3105 593 3182 cibus,
610 3110 671 3169 aut
694 3105 763 3191 ipse
785 3104 1006 3190 interpretari,
1031 3107 1091 3168 aut
1116 3124 1176 3168 nos
1199 3105 1371 3169 emendare
1386 3106 1500 3170 voluit.

451 3211 471 3245 “
495 3206 596 3270 Verbi
618 3207 735 3291 gratia,
753 3206 841 3270 Isaia
856 3206 1014 3270 xxxviii:
1043 3206 1094 3268 ‘N
1095 3227 1139 3270 on
1162 3206 1317 3291 aspiciam
1336 3207 1502 3273 hominem

452 3316 470 3342 “
493 3308 615 3386 ‘ultra
655 3312 689 3372 et
727 3308 949 3373 habitatorem
995 3308 1116 3392 quietis
1161 3308 1287 3393 quievit
1332 3310 1502 3396 generatio

451 3417 469 3444 “
493 3417 590 3473 ‘mee
603 3409 622 3489 ;'
643 3414 678 3474 et
703 3409 761 3493 [Is
776 3410 846 3495 xi.],
868 3410 961 3474 ‘Erit
982 3410 1189 3495 sepulchrum
1212 3411 1283 3496 ejus
1305 3411 1504 3498 gloriosum,’

452 3517 470 3546 “
492 3514 528 3575 et
553 3510 610 3596 [Is.
638 3511 746 3597 xxia]
775 3511 828 3575 ‘A
854 3511 975 3575 finibus
1006 3517 1103 3577 terras
1136 3512 1249 3578 laudes
1282 3514 1471 3579 audivimus
1486 3517 1504 3595 ;'

451 3619 470 3649 “
493 3617 528 3678 et
553 3611 649 3698 [Gen.
672 3612 741 3698 iv.],
766 3611 904 3677 ‘Omnis
934 3614 993 3699 qui
1015 3615 1170 3679 occiderit
1198 3614 1291 3696 Cain,
1315 3618 1503 3703 septuplum

451 3724 468 3752 “
491 3716 672 3802 ‘punietur
686 3712 704 3795 3’
743 3714 906 3799 ‘Requies
944 3716 1014 3802 ejus
1051 3716 1193 3803 gloriosa
1207 3715 1225 3796 ;'
1262 3723 1305 3797 et,
1339 3718 1505 3784 ‘Habita-

451 3824 472 3858 “
495 3823 625 3884 ‘torem
670 3817 798 3904 quietis,
837 3819 1005 3904 generatio
1045 3840 1119 3883 mea
1163 3820 1273 3885 ablata
1309 3824 1360 3885 est
1373 3823 1391 3902 3'
1429 3843 1504 3907 quae

452 3928 470 3957 “
493 3921 540 3986 sic
577 3921 666 4007 apud
705 3920 865 3987 Hebraeos
902 3920 1016 3986 haberi
1054 3922 1207 3987 lectorem
1243 3923 1360 4000 voluit,
1395 3925 1504 3989 erudi-

451 4024 595 4089 “tionis
640 4023 852 4100 solummodo,
891 4044 959 4086 non
1003 4029 1114 4088 autem
1160 4025 1357 4090 emendandi
1394 4027 1504 4113 gratia

453 4132 470 4163 “
492 4125 615 4191 nosse.''
661 4126 744 4192 Haec
765 4127 862 4193 Beda.
908 4126 962 4190 Ex
985 4126 1105 4212 quibus
1126 4129 1275 4213 sequitur
1297 4130 1385 4215 quod
1407 4130 1504 4194 aliter

453 4227 677 4314 Hieronymus
708 4230 814 4314 primo
846 4229 1024 4305 transtulit,
1053 4234 1088 4294 et
1118 4230 1215 4294 aliter
1244 4231 1398 4297 recitavit
1428 4253 1504 4297 oum

452 4331 604 4415 exposuit
626 4332 662 4395 in
693 4331 854 4417 originali,
878 4330 936 4395 ubi
964 4332 1075 4419 potuit
1097 4333 1258 4420 copiosius
1290 4335 1330 4400 de
1363 4335 1504 4402 veritate

775 4655 781 4683 ¹
794 4655 886 4725 Aeas]
905 4657 982 4711 Liber
992 4658 1101 4712 Retraet
1114 4661 1182 4727 prael.
