3586 5640
307 779 376 867 nu]
717 796 895 848 lernunrx
918 799 939 848 1.
1295 785 1359 853 531

307 972 343 1035 et
364 969 527 1057 praecipue
554 971 582 1036 si
603 969 800 1037 desiderium
827 971 912 1037 forte
932 976 967 1037 et
986 972 1129 1038 intentio
1156 973 1268 1040 valida
1293 996 1361 1040 non

307 1071 400 1138 desit.
446 1073 492 1138 Et
521 1073 595 1139 ideo
633 1096 692 1160 per
717 1075 820 1139 verba
849 1079 884 1140 et
914 1095 1012 1161 opera
1041 1073 1185 1140 hominis
1224 1083 1362 1163 possunt

307 1175 418 1260 aliqua
450 1173 530 1252 fieri,
562 1175 693 1261 quando
734 1195 846 1241 omnes
876 1176 974 1241 dictae
1013 1197 1118 1242 causae
1156 1185 1361 1244 concurrunt.

308 1275 418 1342 Verba
443 1277 532 1341 enim
557 1277 645 1342 fiunt
671 1277 713 1342 ab
739 1277 880 1343 interius
904 1299 964 1364 per
986 1277 1201 1365 cogitationes
1231 1281 1360 1357 animae,

305 1383 342 1443 et
366 1379 534 1455 desideria,
559 1384 593 1444 et
608 1401 667 1466 per
692 1384 819 1445 motum
843 1380 1027 1466 spirituum,
1044 1385 1079 1445 et
1102 1379 1242 1446 calorem
1265 1388 1362 1447 natu-

307 1480 418 1560 ralem,
442 1485 477 1544 et
506 1479 653 1547 vocalem
676 1481 854 1562 arteriam;
877 1486 1047 1548 eteorum
1069 1483 1239 1570 generatio
1261 1483 1362 1549 habet

306 1582 379 1647 vias
401 1589 539 1668 apertas,
563 1605 622 1670 per
644 1605 726 1670 quas
748 1590 799 1650 est
823 1606 962 1673 magnus
984 1584 1095 1651 exitus
1117 1585 1302 1672 spirituum,
1327 1593 1362 1652 et

306 1683 432 1764 caloris,
468 1690 501 1750 et
536 1686 817 1772 evaporationum,
853 1691 887 1752 et
918 1686 1093 1768 virtutum,
1118 1692 1153 1752 et
1181 1688 1360 1775 specierum

305 1807 381 1871 quae
403 1792 541 1873 possunt
564 1786 635 1854 fieri
657 1788 700 1854 ab
723 1789 835 1855 anima
857 1794 893 1855 et
915 1811 936 1855 a
959 1789 1062 1855 corde.
1108 1788 1155 1855 Et
1181 1789 1254 1855 ideo
1279 1790 1361 1857 alte·

307 1888 454 1954 rationes
490 1912 533 1954 ex
568 1891 695 1957 caeteris
727 1892 878 1978 partibus
910 1891 1137 1978 spiritualibus
1177 1891 1264 1958 fiunt
1302 1915 1361 1979 per

307 1990 433 2072 verba,¹
463 1992 644 2058 seeundum
674 1993 763 2080 quod
786 1993 833 2058 eis
868 1993 1006 2058 debetur
1035 2014 1078 2058 ex
1108 1997 1273 2080 potestate
1303 2017 1361 2060 na—

307 2097 400 2160 turae.
468 2093 630 2159 Videmus
667 2094 757 2161 enim
787 2094 876 2180 quod
906 2100 1041 2182 propter
1070 2095 1258 2182 hujusmodi
1288 2096 1360 2162 vias

306 2195 459 2281 apertas²
481 2218 503 2260 a
524 2196 620 2261 corde
643 2201 677 2263 et
700 2197 921 2278 interioribus,
945 2196 1122 2278 anhelitus,
1157 2203 1191 2264 et
1214 2200 1359 2265 oscitati-

306 2318 393 2376 ones,
417 2301 451 2363 et
473 2298 589 2364 multae
611 2299 827 2365 resolutiones
859 2300 1037 2386 spirituum
1061 2304 1095 2366 et
1119 2299 1236 2367 caloris
1263 2300 1358 2381 fiunt,

307 2421 381 2485 quae
422 2400 601 2488 aliquando
642 2405 771 2480 nocent,
804 2423 906 2488 quum
946 2403 989 2467 ab
1027 2400 1160 2468 infirmo
1191 2410 1225 2469 et
1263 2405 1360 2470 malae

306 2503 541 2589 complexionis
568 2524 701 2591 corpore
731 2505 954 2591 proveniunt;
979 2509 1014 2570 et
1039 2510 1180 2592 prosunt
1216 2511 1251 2571 et
1285 2529 1359 2573 con-

305 2604 443 2684 fortant,
485 2627 588 2691 quum
620 2628 641 2670 a
667 2627 799 2693 corpore
829 2606 965 2686 mundo,
1003 2612 1037 2673 et
1066 2629 1156 2688 sano,
1188 2613 1224 2673 et
1264 2609 1361 2674 bonae

305 2706 540 2793 complexionis
581 2707 817 2795 producuntur.
863 2708 909 2774 Et
938 2707 1024 2775 ideo
1049 2709 1204 2775 similiter
1239 2710 1359 2796 aliquae

305 2810 511 2895 operationes
537 2831 667 2897 magnae
692 2810 860 2876 naturales
874 2816 1013 2897 possunt
1033 2809 1105 2876 fieri
1131 2811 1168 2876 in
1183 2812 1358 2877 verborum

304 2912 518 2997 generatione
544 2917 579 2978 et
605 2911 799 2999 prolatione,
827 2933 902 2977 eum
923 2911 1110 2977 intentione
1135 2916 1170 2977 et
1196 2911 1359 2978 desiderio

304 3014 467 3099 operandi.
516 3013 617 3080 Unde
642 3034 711 3078 non
734 3012 900 3078 immerito
925 3012 1055 3091 dicitur,
1084 3012 1172 3098 quod
1187 3035 1255 3078 vox
1277 3015 1358 3078 viva

305 3135 460 3201 magnam
475 3115 577 3180 habet
599 3116 780 3192 virtutem;
810 3135 877 3178 non
893 3114 970 3198 quia
992 3113 1113 3179 habeat
1136 3114 1227 3179 illam
1250 3120 1357 3201 potes-

307 3220 420 3294 tatem,
447 3238 546 3303 quam
570 3217 690 3303 magici
714 3215 854 3302 fingrmt,
878 3237 1006 3282 necnon
1030 3215 1183 3281 similiter
1206 3217 1250 3281 ad
1279 3217 1357 3282 faei-

304 3318 427 3384 endum
448 3323 482 3384 et
505 3318 713 3386 alterandum
741 3322 794 3403 (ut
823 3318 1014 3404 estimant),
1031 3317 1088 3383 sed
1113 3319 1199 3384 siout
1222 3319 1359 3401 dictum,

305 3421 485 3487 secundum
509 3420 597 3507 quod
619 3426 740 3486 natura
763 3419 943 3486 ordinavit.
990 3418 1037 3485 Et
1052 3420 1126 3486 ideo
1152 3420 1248 3486 valde
1263 3426 1360 3486 caute

305 3524 342 3590 in
371 3523 423 3589 his
454 3522 665 3590 sentiendum
695 3527 746 3589 est
758 3547 767 3602 ;
809 3543 887 3587 nam
914 3521 956 3587 de
991 3521 1082 3588 facili
1112 3528 1223 3608 potest
1261 3523 1360 3589 homo

307 3647 424 3705 errare,
456 3630 491 3690 et
520 3625 620 3691 multi
663 3629 777 3690 errant
815 3623 852 3688 in
887 3628 1061 3711 utramque
1101 3629 1251 3711 partem;
1283 3625 1361 3710 quia
1423 3628 1429 3638 '

307 3727 410 3815 aliqui
433 3748 564 3792 omnem
587 3726 811 3814 operationem
838 3730 972 3814 negant,
998 3725 1116 3792 etalii
1142 3725 1358 3813 superfluunt,

306 3834 342 3896 et
372 3829 414 3895 ad
444 3830 572 3916 magica
601 3829 775 3897 declinant.

352 3932 452 3997 Multi
479 3931 583 4018 igitur
606 3931 684 3996 libri
708 3930 848 3997 cavendi
878 3935 956 3995 sunt
986 3934 1121 4017 propter
1143 3930 1297 4008 carmina,
1325 3935 1359 3995 et
1372 3942 1503 3994 Bookeof

1434 4009 1530 4062 'etate

306 4034 514 4113 characteres,
532 4039 566 4100 et
589 4034 761 4113 orationes,
787 4038 822 4099 et
846 4031 1097 4118 conjurationes,
1129 4037 1164 4099 et
1193 4031 1358 4114 sacrificia,
1372 4091 1415 4127 m
1434 4077 1512 4129 ,m

307 4142 342 4205 et
379 4136 577 4224 hujusmodi,
609 4136 687 4223 quia
720 4157 801 4225 pure
831 4135 950 4224 magici
980 4139 1066 4201 sunt.
1114 4134 1165 4200 Ut
1194 4133 1278 4201 liber
1308 4134 1360 4201 De

341 4496 392 4546 'ex
416 4496 511 4546 celeris
534 4532 540 4546 .
559 4531 590 4563 .,
614 4494 701 4562 vata]
714 4495 811 4546 anteri·
894 4495 968 4546 'olea
978 4492 1092 4561 αρσια]
1112 4493 1223 4554 arterias,
1234 4492 1264 4545 0.

309 4573 418 4639 panum,
440 4573 467 4624 in
487 4573 658 4640 spiritualitas
680 4573 745 4630 tunt
766 4588 811 4642 per

311 4654 396 4716 rerba,
413 4652 443 4709 C»

1116 4748 1137 4796 ι
1162 4749 1182 4797 ι
1206 4736 1226 4796 2
