3586 5640
466 753 510 817 46
833 767 962 819 nccsru
984 768 1131 822 moeurs
1427 755 1516 846 [css.

298 953 426 1006 Remove
510 940 557 1006 Et
578 941 649 1008 hoec
671 940 808 1009 scientie
830 941 990 1009 certificet
1012 943 1125 1009 omnic
1152 942 1319 1009 nature-lic
1347 946 1383 1009 ct
1411 943 1517 1008 s'rtifi-

296 1021 362 1071 from
372 1037 434 1086 pure
465 1042 561 1108 ciclis
582 1044 619 1109 in
638 1044 828 1130 particulari
848 1050 884 1111 et
905 1044 1090 1131 inproprie
1111 1045 1293 1133 disciplina,
1307 1066 1367 1132 per
1389 1047 1516 1132 experi-

298 1089 453 1150 speculatiou

296 1169 329 1202 on
341 1154 384 1205 the
394 1171 442 1206 one
465 1147 589 1212 entiam
612 1146 809 1233 perfectam
829 1168 898 1214 non
916 1168 976 1232 per
995 1153 1197 1234 argumente
1213 1152 1254 1212 ut
1275 1148 1421 1214 scientiis
1436 1168 1517 1234 pure

295 1219 682 1353 ffiffissi,speculativae,
714 1270 774 1314 nec
802 1270 863 1336 per
893 1249 1016 1316 debiles
1047 1256 1082 1317 et
1111 1250 1319 1337 imperfectos
1347 1251 1516 1338 experien-

296 1352 426 1405 rieismon
464 1352 537 1434 ties,
567 1355 608 1418 ut
636 1351 782 1418 scientiae
804 1352 991 1438 operativae.
1037 1353 1084 1418 Et
1113 1351 1188 1418 ideo
1217 1353 1289 1420 haec
1310 1357 1362 1419 est
1383 1353 1517 1420 domine

296 1418 430 1473 theoder.
465 1454 611 1520 omnium
634 1453 846 1521 scientiarum
867 1453 1132 1541 praecedentium,
1156 1460 1192 1521 et
1218 1455 1296 1520 finis
1317 1455 1423 1521 totius
1444 1476 1516 1542 spe-

464 1556 644 1623 culationis
691 1555 758 1622 Sed
787 1560 882 1643 petet
913 1556 1002 1641 quod
1032 1557 1149 1623 multae
1170 1578 1324 1643 expensae
1345 1557 1516 1644 requirun-

464 1663 520 1724 tur
542 1660 579 1724 in
607 1658 762 1745 operibus
790 1658 889 1725 istius
916 1658 1073 1739 scientiae,
1103 1658 1140 1724 in
1170 1659 1291 1745 quibus
1320 1658 1517 1726 Aristoteles

463 1783 611 1849 magnus,
634 1761 832 1827 auctoritato
853 1759 1047 1847 Alexandri,
1063 1765 1185 1847 praeter
1206 1782 1262 1826 eos
1283 1761 1403 1846 quibus
1425 1761 1516 1828 domi

463 1885 542 1930 usus
574 1869 625 1930 est
655 1864 692 1929 iu
726 1863 937 1950 experientis,
973 1863 1066 1929 misit
1098 1862 1242 1949 plurime
1273 1861 1379 1929 millis
1410 1863 1515 1929 homi-

463 1987 545 2032 num
577 1987 637 2054 per
667 1966 829 2033 mundum
866 1964 909 2031 sd
943 1965 1182 2052 experiendum
1222 1985 1332 2031 rerum
1366 1965 1514 2030 omnium

462 2074 598 2136 neturus
628 2073 664 2136 et
696 2068 921 2158 proprietates,
952 2068 1040 2135 sicut
1069 2067 1197 2134 Plinius
1240 2065 1323 2134 dicit
1351 2064 1512 2155 septimo¹

462 2171 687 2252 Naturalium,
722 2177 756 2238 et
788 2171 847 2237 elii
878 2170 1084 2238 confirment
1129 2170 1176 2237 Et
1212 2173 1301 2238 certe
1331 2169 1515 2237 combustio

462 2274 499 2338 in
519 2275 609 2340 omni
633 2273 800 2350 distentis,
818 2295 885 2359 qus
906 2273 1116 2354 voluerimus,
1132 2277 1297 2340 constaret
1317 2273 1393 2359 plus
1414 2292 1514 2359 quem

462 2376 552 2441 mille
575 2397 700 2441 merces
730 2379 909 2460 antequam
938 2375 1070 2460 speculo
1098 2374 1296 2441 sufficientia
1323 2375 1442 2441 fierent
1470 2375 1514 2440 ed

462 2477 522 2541 hoc
534 2502 542 2556 ;
580 2477 637 2542 sed
666 2476 816 2542 valerent
847 2475 920 2561 plus
958 2496 1058 2560 quem
1091 2497 1178 2540 unus
1206 2475 1370 2542 exercitus
1399 2483 1515 2542 contra

461 2578 617 2644 Turtures
651 2582 685 2643 et
720 2576 904 2643 Saracenos.
972 2576 1007 2640 N
1009 2598 1063 2640 cm
1100 2598 1231 2642 omnem
1264 2577 1447 2644 exercitum
1479 2584 1513 2644 et

461 2685 606 2746 cestrum
650 2677 852 2746 contrarium
889 2682 1000 2765 posset
1034 2678 1312 2764 experimentator
1353 2678 1513 2764 perfectus

461 2782 628 2849 destruere
650 2804 709 2870 per
731 2781 919 2869 hujusmodi
941 2779 1202 2847 combustionem
1227 2781 1271 2846 cd
1292 2780 1378 2846 soloe
1403 2781 1513 2846 radios

461 2886 592 2967 soleres,
608 2885 680 2952 sine
709 2885 775 2951 elio
800 2884 886 2972 igne
932 2881 1021 2948 Mire
1046 2903 1099 2948 res
1120 2887 1171 2948 est
1198 2881 1292 2962 hoec,2
1318 2881 1377 2948 sed
1404 2881 1512 2948 multe

460 2987 527 3052 ulie
557 2993 637 3054 sunt
667 2987 869 3053 mirabiliora
899 2985 937 3050 in
967 2984 1028 3051 hec
1060 2984 1199 3050 scientie
1211 3006 1222 3064 ;
1257 2987 1294 3051 et
1324 2983 1512 3070 paucissimi

459 3095 539 3154 sunt
561 3089 668 3156 dediti
689 3090 767 3157 huic
781 3088 927 3155 scientiae
944 3093 1079 3174 propter
1100 3085 1264 3152 defectum
1286 3107 1510 3172 expensurum

287 3177 447 3312 ξᾚθξξξ
460 3187 538 3255 Non
572 3191 662 3257 enim
698 3213 855 3280 cognosco
892 3190 957 3255 nisi
987 3211 1100 3267 unum,
1138 3188 1196 3275 qui
1234 3187 1366 3255 leudem
1402 3193 1512 3277 potest

286 3312 439 3432 bit
458 3291 863 3460 titillatu„
877 3292 1301 3480 hillidii&
1315 3312 1512 3482 tw

285 3442 405 3563 lymbo
457 3494 573 3580 quitur
606 3517 706 3582 opera
739 3496 919 3582 sapientire,
943 3501 978 3562 ct
1008 3495 1046 3559 in
1076 3495 1142 3560 illis
1164 3494 1324 3580 quiescit.³
1369 3497 1416 3564 Et
1436 3497 1512 3563 ideo

283 3572 409 3693 mm·
457 3596 547 3682 quod
580 3596 637 3661 clii
668 3597 877 3663 caecutientes
906 3597 1062 3662 nituntur
1094 3597 1217 3678 videre,
1250 3603 1290 3665 ut
1323 3599 1512 3686 vespertilio

455 3694 564 3763 lucem
590 3698 668 3764 solis
694 3699 732 3763 in
760 3697 956 3785 crepusculo,
995 3699 1066 3784 ipse
1093 3699 1130 3764 in
1157 3699 1255 3786 pleno
1282 3699 1411 3789 fulgore
1436 3723 1513 3768 con-

454 3797 646 3884 templetur,
669 3806 804 3887 propter
836 3801 897 3866 hoc
923 3801 1012 3887 quod
1042 3805 1094 3867 est
1126 3802 1279 3868 dominus
1309 3803 1511 3889 experimen·

453 3901 587 3980 tomm3
630 3905 666 3967 st
696 3902 773 3968 ideo
809 3903 873 3968 scit
903 3902 1072 3968 naturalis
1102 3925 1161 3990 per
1193 3905 1440 3992 experientium,
1474 3909 1510 3970 et

453 4000 672 4082 medicinalis,
711 4009 747 4069 et
782 4004 992 4083 ulkimistice,
1029 4009 1064 4070 ot
1107 4006 1219 4071 omnio
1253 4009 1325 4072 tum
1369 4004 1512 4071 coelestis

452 4118 554 4188 qinom
578 4101 736 4170 inferiore
748 4128 757 4186 ;
788 4106 891 4173 immo
921 4106 1183 4174 verecundetur⁴
1208 4107 1237 4172 si
1259 4106 1378 4194 aliquis
1400 4107 1509 4189 lutcus,

475 4488 841 4623 :mammii
856 4498 960 4566 125³.
994 4505 1033 4550 tro
1051 4498 1127 4550 Petro
1147 4499 1177 4549 de
1195 4497 1319 4548 Mehernc
1334 4496 1418 4550 Curis.
1435 4499 1466 4552 R
1482 4498 1512 4551 iu'

476 4567 620 4719 'ceklcttl
640 4571 789 4706 illdtltcudbm
805 4655 837 4707 de
865 4655 960 4724 mugis-
994 4594 1238 4724 mlidirecundatur]
1255 4659 1463 4722 verecundentur,
1477 4659 1512 4712 B.
