3586 5640
456 735 524 798 dot
839 749 967 798 nonem
991 749 1136 798 mcoms
1419 716 1513 821 [our.

451 923 647 1007 hujusmodi,
668 923 810 988 nescivit
831 923 978 1008 objioero‚
1003 923 1081 1009 quio
1102 923 1173 990 brec
1195 946 1262 990 non
1285 925 1513 992 terminantur

450 1025 487 1090 in
510 1047 580 1089 oue
590 1049 604 1105 ;
628 1030 662 1090 et
684 1026 786 1091 etium
810 1025 929 1090 Latino
951 1048 1040 1091 more
1063 1048 1084 1090 o
1105 1028 1284 1112 primitivis
1306 1028 1511 1096 derivantur.

451 1127 529 1192 Non
551 1127 597 1194 sie
619 1126 677 1192 illo
699 1148 773 1212 quae
796 1150 817 1192 o
838 1128 894 1193 filo
917 1133 953 1194 et
974 1128 1083 1215 lapide
1106 1129 1310 1196 derivantur.

879 1550 960 1616 One.
984 1550 1084 1618 VIII.

285 1761 394 1815 Funher
499 1753 668 1834 Quorum
690 1774 768 1819 vero
786 1753 857 1839 jam
881 1753 940 1820 diu
968 1759 1117 1820 moratus
1139 1774 1213 1818 sum
1243 1753 1328 1820 circo
1350 1754 1506 1839 quintum
1590 1802 1592 1807 -

285 1832 435 1964 {fiffiff‘
453 1878 591 1934 oausam,
615 1862 749 1942 propter
780 1877 879 1940 quom
902 1861 1033 1942 oportet
1055 1862 1095 1922 ut
1118 1855 1231 1920 Latini
1261 1857 1368 1921 seiont
1397 1879 1509 1944 grum-

283 1962 413 2017 ororeek
454 1958 607 2023 matioom
641 1958 829 2044 linguarum
862 1957 1010 2036 aliorum,
1045 1966 1080 2023 et
1111 1957 1255 2022 maxime
1287 1957 1436 2024 Graeoom
1471 1965 1508 2025 et

455 2060 639 2140 Hebroeum,
663 2082 752 2124 nuno
774 2059 849 2124 volo
881 2065 1016 2146 tangere
1049 2060 1197 2125 residuas
1227 2080 1339 2153 causas
1365 2081 1506 2147 quomm

452 2163 570 2248 ah'qum
609 2162 743 2227 omnino
779 2161 888 2249 planae
922 2168 1009 2240 sunt,
1034 2161 1153 2248 eliquae
1186 2153 1341 2250 magnum
1379 2161 1508 2228 habent

451 2263 685 2342 difficultatem,
709 2263 750 2328 de
781 2263 901 2349 quibus
932 2263 1044 2349 alique
1072 2284 1162 2329 more
1184 2263 1369 2350 compendii
1398 2264 1507 2351 expli-

450 2367 538 2430 cabo.
594 2365 679 2432 Cum
716 2365 819 2452 igitur
856 2366 963 2451 primo
1000 2387 1097 2431 neusa
1131 2365 1196 2431 fuit
1227 2387 1285 2452 per
1316 2366 1505 2452 exemplum

449 2471 645 2546 sanctorum,
670 2471 705 2531 et
727 2466 1006 2553 philosophorum,
1030 2473 1065 2532 et
1088 2473 1269 2553 poetarum,
1293 2472 1329 2532 et
1355 2467 1505 2533 omnium

448 2569 633 2654 sapientum
657 2568 860 2649 Latinorum,
884 2569 1040 2654 quoniam
1063 2590 1175 2634 omnes
1197 2569 1233 2633 hi
1260 2576 1506 2656 occupaverunt

448 2691 482 2734 se
514 2670 550 2734 in
582 2669 706 2756 linguis
738 2669 1013 2756 sapientinlibus3
1051 2675 1086 2735 et
1120 2669 1263 2736 secundo
1300 2692 1398 2735 canes
1428 2671 1504 2750 fuit,

448 2773 537 2858 quod
574 2773 685 2839 omnio
727 2772 762 2835 in
800 2772 930 2858 seriptis
967 2772 1037 2837 suis
1074 2777 1305 2838 tractaverunt
1349 2794 1408 2860 per
1444 2773 1506 2838 has

368 2957 370 2960 Α
447 2875 584 2961 linguas,
615 2875 664 2940 ito
695 2879 734 2939 ut
767 2896 895 2939 neeesse
930 2880 980 2940 est
1010 2874 1106 2939 nobis
1129 2873 1180 2939 uti
1202 2873 1335 2961 linguis,
1360 2875 1390 2939 si
1411 2875 1505 2940 volu-

447 3000 520 3042 mus
543 2978 685 3064 goudere
707 2976 870 3063 sapientia
892 2977 1112 3061 antiquorum.
1171 2976 1217 3042 Et
1240 2977 1338 3042 aliter
1360 2999 1504 3042 essemus
1575 2969 1577 2972 ⁵

447 3079 574 3156 insoni;
598 3079 676 3165 quia
698 3101 718 3143 o
741 3078 836 3143 nobis
863 3100 930 3142 non
953 3077 1112 3143 habemus
1136 3077 1272 3164 aliquid,
1297 3078 1354 3144 sed
1377 3079 1421 3144 ab
1444 3080 1501 3145 eis.
1566 3095 1568 3098 ’

447 3181 492 3244 Et
515 3181 615 3245 tertio
638 3203 741 3257 conso,
762 3180 850 3265 quod
872 3179 968 3265 pluro
990 3202 1057 3244 non
1080 3186 1311 3266 exposuerunt,
1333 3181 1502 3246 credentes

446 3283 533 3366 quod
571 3281 764 3367 posteriores
802 3282 920 3346 dorent
958 3303 992 3346 se
1037 3282 1148 3346 studio
1185 3282 1382 3369 linguarum,
1414 3283 1502 3348 siout

445 3383 516 3468 ipsi,
542 3405 599 3468 per
622 3383 709 3467 quod
739 3383 887 3447 studium
910 3392 1095 3468 quaererent
1126 3385 1214 3468 quod
1246 3406 1374 3450 necesse
1405 3393 1499 3452 esset.

446 3482 491 3548 Et
507 3489 628 3569 quarto
650 3506 748 3548 eausa
770 3484 844 3562 fuit,
862 3485 951 3568 quod
974 3485 1081 3550 multo
1103 3485 1213 3550 minus
1235 3486 1318 3551 bene
1341 3508 1501 3574 exposue-

444 3593 532 3665 runt,
556 3586 680 3671 ahquid
703 3586 884 3650 humanum
900 3587 995 3671 possi,
1017 3593 1151 3673 propter
1174 3589 1262 3672 quod
1285 3593 1415 3673 oportet
1438 3610 1500 3655 nos

444 3711 608 3753 recurrere
632 3687 676 3752 od
704 3688 839 3774 linguas,
887 3687 932 3752 Et
958 3689 1084 3773 quinto,
1118 3689 1207 3773 quod
1232 3688 1354 3753 Latina
1383 3689 1499 3776 lingna

445 3791 623 3876 composito
645 3795 696 3855 est
719 3811 761 3854 ex
783 3789 905 3876 linguis
928 3790 1009 3853 aliis.
1066 3790 1150 3856 Cum
1177 3791 1280 3877 igitur
1302 3790 1371 3856 haeo
1394 3792 1441 3856 sio
1464 3816 1498 3858 se

445 3892 577 3970 habent,
613 3897 653 3956 ut
698 3897 865 3956 ostensum
912 3897 970 3969 est,
1012 3893 1087 3956 volo
1126 3914 1214 3957 nunc
1258 3892 1340 3956 alias
1384 3915 1499 3960 causus

358 3989 361 3995 ’
444 3994 611 4059 revolvere
649 4014 838 4058 communes
876 3997 911 4057 et
949 3993 1114 4059 radicales.
1177 3993 1239 4059 Est
1276 3993 1364 4058 enim
1402 4001 1500 4060 sexto

444 4117 541 4160 eausa
575 4096 616 4160 de
650 4095 867 4181 grammatico
902 4095 1030 4161 Latino.
1078 4094 1167 4159 Nom
1206 4095 1264 4159 illu
1302 4100 1353 4160 est
1390 4103 1497 4162 muter

444 4197 591 4261 omnium
614 4196 825 4261 scientiarum
848 4196 940 4279 cujus
966 4201 1112 4283 potestus
1135 4196 1303 4264 deseendit
1325 4196 1360 4261 in
1383 4219 1497 4264 omnes

443 4299 603 4363 scientias
651 4297 716 4361 Sed
747 4297 804 4360 ills
834 4298 977 4362 traditur
1007 4319 1027 4360 a
1050 4296 1218 4363 Prisoieno
1249 4303 1282 4363 et
1306 4298 1437 4364 Donato
1460 4301 1497 4366 in

444 4398 561 4484 majori
591 4399 766 4474 volumine,
798 4404 832 4464 et
870 4399 906 4463 in
944 4398 1097 4464 omnibus
1134 4401 1239 4484 po'etis
1273 4406 1308 4464 et
1341 4401 1497 4486 antiquis,

444 4523 502 4587 per
535 4500 608 4566 vias
639 4499 775 4576 Graeeas,
799 4505 869 4565 tom
904 4501 940 4565 in
972 4499 1158 4566 substantio
1189 4522 1288 4586 quom
1320 4502 1355 4568 in
1388 4504 1496 4572 modo.
