3586 5640
303 815 416 902 xiix]
692 830 780 882 orvs
802 831 964 883 riarium
1290 819 1352 883 181

304 1010 355 1070 est
392 1025 487 1082 unus,
518 1004 596 1091 quia
633 1027 719 1072 unus
756 1011 806 1072 est
843 1007 994 1072 mundus.
1054 1007 1099 1071 Et
1143 1026 1200 1092 por
1246 1011 1357 1071 motus

305 1107 469 1184 ooelorum,
498 1107 556 1193 qui
587 1130 654 1174 non
692 1114 772 1173 sunt
808 1109 985 1188 naturales,
1023 1131 1083 1174 nec
1120 1107 1268 1187 violenti,
1300 1109 1357 1173 sed

305 1209 495 1290 voluntarii,
549 1210 668 1276 seimus
713 1211 802 1296 quod
847 1211 993 1299 angelica
1029 1216 1150 1276 natura
1188 1214 1238 1275 est
1283 1232 1357 1296 quae

305 1319 417 1379 movet
444 1313 562 1389 ooelos3
606 1317 641 1379 et
671 1314 750 1399 quia
779 1319 858 1380 sunt
890 1313 1066 1401 sexaginta
1099 1318 1209 1378 motus
1246 1334 1357 1378 secun-

307 1415 386 1480 dum
432 1415 656 1496 Aristotelem,
702 1416 738 1481 in
791 1438 878 1482 nono
934 1415 1180 1503 Metaphysioae,
1237 1416 1357 1480 seimus

306 1518 407 1582 etiam
445 1517 534 1604 quod
572 1518 689 1604 angeli,
714 1524 854 1584 motores
886 1518 1014 1584 orbium
1052 1518 1244 1595 coelestium,
1278 1518 1357 1582 sunt

305 1621 488 1707 sexaginta,
522 1628 642 1708 praeter
687 1621 792 1685 millia
829 1621 970 1686 millium
1008 1626 1044 1686 et
1076 1621 1183 1686 decies
1221 1625 1358 1685 centena

306 1722 420 1801 millia,
444 1727 479 1788 et
508 1722 765 1789 innumerabiles
795 1723 899 1802 nobis,
929 1745 1010 1810 quos
1047 1722 1166 1788 seimus
1198 1744 1266 1787 esse
1300 1744 1358 1808 per

306 1825 407 1890 fidem
430 1825 581 1903 eeclesiae,
605 1831 640 1891 et
662 1826 840 1912 seripturae,
865 1831 899 1890 et
921 1832 1118 1890 sanctorum.

352 1927 390 1992 Si
412 1928 515 2015 igItur
537 1929 720 2014 objiciatur,
736 1929 824 2015 quod
854 1950 929 1993 eum
959 1927 1068 2014 augeli
1098 1929 1166 1993 sint
1196 1928 1232 1991 in
1254 1927 1358 2014 gloria
1371 1939 1492 2007 Corporal

307 2030 441 2107 ooelesti,
465 2036 564 2096 erunt
596 2031 683 2096 infra
706 2031 834 2107 eoelum,
861 2037 895 2096 et
927 2030 977 2096 ita
1008 2030 1062 2094 vel
1096 2035 1205 2095 totum
1228 2030 1355 2110 coelum,
1369 2009 1516 2126 munifi·

306 2132 360 2196 vel
384 2138 521 2218 partem,
545 2131 688 2218 quilibet
719 2155 832 2198 eorum
864 2132 928 2197 sibi
961 2131 1205 2211 determinabit,
1236 2138 1271 2197 et
1308 2131 1358 2196 ita
1370 2141 1509 2206 appiane

305 2233 412 2300 aium
458 2234 658 2300 divisibilem
692 2236 747 2300 vel
784 2234 1046 2314 indivisibilem
1102 2236 1260 2301 dixerunt
1292 2208 1475 2297 viritas

305 2335 421 2401 famosi
452 2337 541 2422 quod
572 2337 633 2402 hoc
665 2343 896 2424 argumentum
927 2360 995 2404 non
1017 2339 1127 2416 valet3
1167 2336 1246 2424 quia
1269 2335 1359 2401 Deus

307 2443 359 2503 est
381 2439 418 2502 in
440 2439 532 2516 coelo,
556 2445 591 2504 et
613 2439 649 2502 in
672 2438 733 2504 hoe
755 2440 888 2518 mundo,
906 2446 940 2506 et
963 2446 1075 2507 tamen
1097 2439 1228 2506 nullum
1250 2438 1358 2504 locum

306 2539 371 2605 sibi
418 2541 629 2621 determinat,
667 2563 726 2607 neo
771 2542 979 2623 divisibilem,
1015 2565 1075 2608 nec
1111 2541 1357 2607 indivisibilem.

309 2642 346 2707 Si
384 2648 465 2708 tunc
500 2643 638 2721 dicatur,
668 2644 756 2729 quod
793 2645 930 2730 angelus
968 2645 1032 2710 erit
1069 2644 1185 2709 similis
1220 2643 1291 2709 Deo
1323 2644 1360 2706 in

308 2745 371 2810 hac
403 2751 508 2831 parte,
543 2751 576 2811 et
607 2746 657 2810 ita
691 2751 803 2812 tamen
826 2746 918 2812 Deus
940 2753 1077 2834 propter
1107 2747 1177 2822 hoo,
1202 2745 1290 2830 quod
1324 2745 1360 2807 in

308 2868 342 2911 se
377 2853 437 2927 eat,
461 2869 529 2912 non
553 2847 675 2913 dicitur
699 2870 767 2914 esse
789 2849 825 2912 in
847 2849 938 2929 10003
969 2848 1122 2914 similiter
1145 2852 1179 2912 et
1201 2846 1360 2932 angelus;

308 2949 414 3036 quod¹
434 2955 486 3015 est
527 2951 697 3029 nefarium,
734 2951 813 3036 quia
849 2955 930 3016 tuno
963 2957 1049 3016 esset
1087 2951 1196 3015 Deus:
1245 2948 1361 3012 dieunt

309 3053 397 3139 quod
435 3053 526 3119 Deus
564 3059 614 3119 est
658 3058 779 3119 natura
816 3054 999 3140 spiritualis
1044 3075 1102 3139 per
1138 3050 1360 3138 privationem

308 3155 484 3242 corporalia
506 3159 647 3233 naturae,
671 3162 706 3221 et
728 3157 764 3220 in
787 3156 848 3222 hoo
870 3155 988 3222 similis
1011 3161 1062 3221 est
1084 3154 1115 3220 ei
1138 3153 1281 3241 angelus.

355 3258 493 3338 Iterum,
517 3259 596 3345 quia
618 3263 669 3325 est
694 3259 805 3346 imago
829 3259 903 3338 Dei,
926 3280 995 3324 non
1028 3258 1134 3324 solum
1158 3263 1209 3324 est
1243 3255 1359 3322 similis

308 3380 367 3448 per
404 3362 624 3449 privationem
662 3362 846 3449 corporalis,
874 3363 930 3427 sed
960 3384 1017 3448 per
1047 3361 1268 3428 imitationem
1302 3382 1360 3423 na-

308 3470 393 3530 turae
425 3465 558 3542 divinae,
582 3463 660 3530 lioet
681 3486 749 3529 non
783 3465 828 3530 sit
851 3464 967 3530 similis
990 3487 1049 3552 per
1074 3463 1361 3552 participationem

308 3566 446 3652 alicujus
491 3568 673 3632 communis
711 3567 783 3633 Deo
833 3573 867 3634 ot
916 3568 952 3634 ai.
1015 3568 1105 3633 Deus
1142 3568 1246 3654 igitur
1284 3567 1362 3652 quia

309 3679 359 3739 est
396 3678 519 3739 natura
561 3674 754 3760 spiritualis,
790 3679 825 3740 et
862 3674 940 3761 quia
972 3675 1008 3738 in
1046 3696 1080 3739 se
1113 3677 1174 3753 est,
1207 3694 1275 3738 non
1307 3673 1362 3736 de·

308 3777 470 3842 terminat
508 3776 574 3841 sibi
612 3777 728 3857 locuni,
759 3798 819 3843 nes
850 3799 1006 3865 inagnum
1037 3798 1098 3842 neo
1129 3797 1269 3862 parvum
1281 3799 1290 3853 ;
1328 3779 1363 3839 et

308 3880 358 3946 ita
390 3901 432 3945 ex
468 3879 591 3967 duplici
625 3902 730 3945 (ausa.
788 3879 853 3945 Sed
875 3879 1013 3967 angelus
1044 3901 1086 3944 ex
1119 3899 1188 3942 una
1220 3878 1361 3956 illarum,

309 3982 389 4067 quia
426 3989 478 4048 est
514 3982 696 4069 spiritualis
727 3987 855 4058 natura,
887 3985 921 4047 et
958 4001 1026 4046 non
1063 4002 1105 4045 ex
1135 3979 1208 4059 alia,
1240 3977 1363 4043 seilicet

310 4085 397 4172 quod
428 4107 497 4152 esse
520 4085 642 4152 habeat
676 4085 711 4149 in
746 4108 789 4166 se,
813 4084 891 4170 quia
921 4083 981 4149 hoc
1015 4082 1154 4147 debetur
1184 4080 1361 4168 Majestati.

310 4187 362 4255 De
404 4189 605 4275 proprietate
650 4194 763 4254 tamen
816 4192 944 4252 naturai
989 4183 1172 4273 spiritualis
1218 4190 1275 4263 est,
1322 4188 1362 4248 ut

308 4311 376 4356 non
413 4291 535 4356 habeat
566 4291 810 4378 proportionem
848 4289 992 4376 aliquam
1023 4288 1067 4354 ad
1088 4287 1211 4352 <locum
1249 4308 1361 4373 corpo·

308 4391 431 4473 ralsm3
477 4393 556 4479 quia
593 4394 684 4458 nulla
717 4398 769 4459 est
800 4393 968 4480 proportio
997 4390 1133 4479 spiritus
1162 4390 1205 4456 ad
1235 4411 1359 4477 corpus,

309 4509 369 4562 nes
391 4495 435 4561 ad
457 4495 584 4583 aliquid
607 4496 755 4584 corporis

355 4598 392 4664 Si
407 4620 487 4665 vero
512 4599 696 4686 objiciatur,
713 4598 798 4686 quod
824 4598 852 4664 si
874 4619 979 4685 neque
994 4597 1094 4664 habet
1116 4596 1221 4664 locum
1245 4596 1360 4663 divisi·
1374 4611 1528 4675 objectioni

309 4700 420 4781 bilem,
436 4723 542 4790 neque
564 4701 810 4782 indivisibilem,
825 4724 903 4790 ergo
925 4723 1030 4789 neque
1052 4701 1239 4768 mutabitur
1254 4722 1360 4787 neque
1373 4678 1498 4796 ffiffl’
