3586 5640
716 811 804 860 orus
825 811 944 861 ursus
1298 800 1363 866 387

304 985 454 1072 pulchris
510 984 576 1050 Sed
609 984 761 1069 quamvis
794 984 840 1048 sic
871 985 931 1049 fiat
963 985 1128 1062 electrum,
1161 992 1282 1064 tamen,
1322 994 1362 1053 ut

304 1089 385 1153 dicit
408 1087 541 1153 Servius
573 1108 671 1172 super
693 1086 878 1172 Virgilium,
903 1087 1027 1173 triplex
1056 1093 1107 1152 est
1137 1089 1259 1174 species
1282 1089 1362 1155 elec·

304 1191 389 1270 tria3
412 1212 479 1254 una
513 1189 552 1253 de
583 1211 684 1274 cupro
719 1194 758 1253 ut
789 1210 878 1254 nunc
909 1189 1036 1254 dictum
1068 1194 1127 1268 est,
1152 1189 1219 1254 alia
1248 1197 1299 1257 est
1322 1193 1363 1257 de

304 1293 537 1358 commixtione
560 1291 765 1377 quarundam
787 1291 933 1377 partium
956 1293 1086 1377 argenti
1109 1298 1145 1358 et
1166 1293 1247 1370 aurI,
1263 1294 1363 1360 tertia

305 1401 356 1460 est
377 1396 461 1481 lapis
482 1415 655 1482 gemmeus.
703 1393 750 1457 Et
772 1393 856 1458 hanc
886 1394 1115 1460 diversitatem
1147 1417 1258 1461 omnes
1292 1418 1366 1461 auc·

305 1503 401 1575 tores,
425 1503 464 1562 ut
487 1495 655 1561 Isidorus¹
681 1501 715 1561 et
742 1496 807 1573 alii,
831 1496 998 1582 accipiunt
1020 1519 1041 1561 a
1064 1496 1187 1563 Servio.
1235 1499 1364 1564 Plinius

305 1605 417 1664 tamen
439 1599 565 1663 xxxvii
591 1595 676 1685 [lh]
710 1597 883 1662 Naturalis
906 1596 1126 1685 Philosophiae
1157 1602 1366 1686 prosequitur

305 1701 482 1766 secundum
520 1722 624 1786 genus
662 1699 782 1765 electri.
860 1700 951 1764 Dicit
989 1702 1078 1786 quod
1123 1702 1290 1788 colligitur
1328 1703 1363 1768 in

306 1803 423 1868 insulis
454 1801 629 1888 Glosaphis
660 1802 747 1866 inter
779 1800 991 1866 Germaniam
1025 1807 1060 1868 et
1094 1802 1257 1890 Angliam,
1291 1828 1365 1891 quae

306 1903 488 1970 electricae¹
510 1907 672 1970 vocantur
688 1908 821 1989 propter
836 1903 1076 1969 abundantiam
1091 1905 1210 1971 electri
1257 1906 1302 1972 Et
1323 1908 1365 1974 fit

307 2029 349 2073 ex
371 2029 465 2073 succo
487 2006 613 2071 arboris
634 2007 740 2092 pineae
763 2005 945 2070 distillante
968 2028 1010 2071 ex
1033 2028 1072 2072 ea
1094 2007 1130 2071 in
1152 2029 1264 2088 mare3
1288 2009 1367 2095 quia

307 2109 438 2174 arbores
474 2108 542 2174 illae
576 2114 655 2172 sunt
688 2109 725 2172 in
759 2106 971 2194 compidine³
1000 2109 1086 2174 aluei
1124 2111 1269 2191 marini3
1307 2113 1365 2197 qui

306 2233 420 2276 succus
457 2209 649 2297 coagulatur
682 2209 718 2273 in
756 2230 872 2295 corpus
911 2210 1051 2275 solidum
1089 2218 1124 2277 et
1161 2213 1366 2280 translucens

308 2336 365 2400 per
395 2313 554 2378 virtutem
587 2311 664 2377 solis
695 2317 730 2376 et
761 2312 868 2376 maris.
914 2313 961 2377 Et
993 2313 1081 2399 quod
1116 2314 1273 2380 electrum
1305 2317 1366 2382 fiat

307 2438 350 2481 ex
382 2438 476 2481 succo
510 2414 606 2480 docet
628 2413 756 2478 Plinius
791 2436 849 2500 per
883 2415 1024 2493 odorem,
1053 2416 1131 2502 quia
1163 2418 1364 2484 consimilem

308 2517 440 2582 odorem
477 2516 602 2581 habent
640 2537 753 2581 succus
791 2516 860 2602 ipsc
898 2523 932 2582 et
970 2517 1135 2584 electrum.
1192 2519 1239 2586 Et
1276 2521 1366 2587 istud

308 2621 423 2706 recipit
446 2619 671 2684 diversitatem
695 2619 848 2696 colorum,
873 2620 1027 2706 quoniam
1058 2621 1148 2687 aliud
1170 2628 1222 2688 est
1243 2623 1363 2702 album,

309 2728 343 2787 et
364 2723 455 2787 aliud
478 2721 625 2798 rubeum,
649 2726 684 2786 et
715 2721 805 2786 aliud
835 2721 996 2808 glaucum,
1021 2723 1200 2789 secundum
1230 2725 1365 2791 diversi·

309 2829 412 2891 tatem
444 2825 609 2910 temporis,
633 2824 811 2890 secundum
845 2825 932 2908 quod
956 2826 990 2888 in
1023 2829 1153 2910 tempus
1185 2832 1235 2891 est
1261 2828 1365 2912 magis

308 2928 458 3006 calidum,
499 2926 552 2991 vel
598 2926 715 3002 minue,
755 2932 790 2990 et
835 2927 1013 2990 secundum
1059 2927 1221 2991 diversam
1267 2929 1365 2993 maris

309 3029 565 3115 dispositionem,
605 3033 639 3093 et
673 3027 851 3093 secundum
890 3027 1117 3090 diversitatem
1154 3029 1249 3105 succi,
1288 3031 1365 3113 quia

309 3131 428 3216 aliquis
461 3136 511 3195 est
545 3130 702 3215 liquidior
732 3136 766 3194 et
790 3129 875 3193 alius
905 3129 1045 3216 spissior.
1091 3129 1137 3195 Et
1166 3130 1194 3194 si
1217 3131 1365 3197 novitate

309 3232 533 3298 distillationis
568 3231 713 3308 herbula,
737 3231 791 3294 vel
822 3231 959 3316 parvula
989 3231 1153 3311 animalia,
1178 3239 1217 3298 ut
1246 3255 1364 3301 muscae

309 3341 343 3400 et
380 3335 525 3420 ciniphes
559 3333 614 3397 vel
651 3333 804 3410 formicae,
839 3333 888 3397 illi
926 3333 1123 3414 adhaereant,
1159 3343 1295 3402 manent
1327 3336 1364 3401 in

308 3442 468 3502 ueternum
492 3435 577 3500 infra
600 3435 752 3521 lapidem,
777 3434 955 3500 secundum
978 3457 1107 3501 omnem
1130 3439 1363 3524 proprietatem

309 3538 418 3603 herbae
452 3538 505 3603 vel
539 3537 691 3602 animalis
722 3538 757 3601 in
794 3538 900 3624 figura
937 3545 971 3603 et
1008 3540 1111 3604 colore
1145 3546 1180 3605 et
1216 3542 1362 3620 materia,

309 3642 358 3705 ita
389 3641 477 3725 quod
500 3640 642 3718 videtur,
667 3641 754 3725 quod
787 3641 940 3705 animalia
974 3647 1008 3706 et
1041 3643 1150 3707 herbae
1173 3643 1221 3706 ibi
1243 3644 1364 3706 inscul-

309 3747 431 3829 pantur
463 3764 520 3827 per
554 3764 689 3806 manum
715 3742 870 3822 artificis;
893 3747 927 3807 et
962 3745 1049 3828 quod
1080 3744 1271 3809 miraculum
1303 3745 1361 3809 ad-

310 3844 469 3910 ducatur⁴
492 3845 534 3909 ab
557 3845 603 3909 eis
626 3845 683 3930 qui
706 3844 861 3930 ignorant
883 3847 1127 3931 generationem
1150 3847 1270 3913 electri.

354 3946 448 4012 Sicut
485 3969 564 4011 vcro
609 3946 703 4032 tetigi
749 3948 847 4012 modo
890 3959 1025 4013 naturas
1069 3955 1104 4013 ct
1147 3950 1361 4036 proprietates
1372 3973 1530 4040 Hispraent

309 4049 543 4114 elementorum
567 4054 602 4114 et
625 4048 798 4113 humorum
821 4055 856 4114 et
870 4050 1084 4130 metallorum,
1101 4057 1136 4116 et
1157 4053 1207 4117 ita
1228 4074 1359 4139 possum
1372 4058 1487 4161 {gem

309 4152 412 4216 facere
444 4153 484 4217 de
517 4152 669 4216 omnibus
701 4152 798 4216 rebus
831 4152 1022 4218 inanimatis
1060 4154 1179 4240 quibus
1209 4156 1488 4229 abundatanmitof

308 4253 496 4339 Scriptura;
520 4260 619 4340 atque
642 4254 737 4341 longe
760 4254 864 4341 magis
886 4256 1066 4342 requiritur
1088 4257 1209 4323 notitia
1229 4243 1468 4346 planta-f*uther

343 4589 348 4617 ¹
362 4587 486 4654 Isidorus]
505 4590 590 4654 Etym.
602 4589 654 4639 xvi.
668 4596 707 4640 24.
891 4597 1056 4663 3οοηιριίἰίηε]
1077 4599 1203 4663 compldi⁶,
1215 4599 1270 4650 MS.

341 4666 489 4735 2εἰσοινὶεαε]
509 4669 648 4731 electricus,
660 4670 716 4722 MS.
893 4674 1064 4742 *adducotad
1085 4678 1223 4738 adnotatur,
1235 4677 1292 4729 MS.

1125 4770 1226 4830 nn2
