3586 5640
728 783 816 834 orus
837 785 954 837 ursus
1301 775 1363 840 321

314 973 379 1037 quo
399 954 531 1019 omnino
558 954 747 1022 destructur
775 963 865 1022 secta
888 957 1133 1023 Saracenorum.
1181 957 1268 1023 Mira
1288 980 1365 1024 con-

312 1054 468 1120 sideratio
500 1060 535 1121 et
566 1056 758 1142 dignissima
780 1063 831 1123 est
854 1058 918 1122 illa.
975 1058 1152 1144 Reliquum
1176 1080 1254 1123 vero
1278 1061 1365 1144 quod

311 1154 457 1221 insertur
486 1158 669 1222 notandum
693 1165 750 1224 est.
796 1159 947 1225 Secundo
980 1159 1020 1223 de
1051 1160 1158 1224 tribus
1184 1159 1220 1222 in
1245 1162 1366 1245 quibus

311 1258 381 1322 sola
401 1258 494 1324 sedes
508 1259 696 1345 Apostolica
718 1267 828 1346 potest
850 1267 884 1326 et
908 1260 1006 1326 debet
1028 1283 1164 1325 manum
1183 1282 1366 1347 apponere;

311 1364 346 1423 at
368 1365 419 1424 est
441 1359 482 1424 de
504 1361 701 1426 correctione
717 1361 910 1439 kalendarii,
928 1361 1021 1446 cujus
1036 1361 1202 1448 corruptio
1216 1363 1365 1428 notanda

313 1465 370 1525 cst
426 1460 491 1526 Sed
521 1468 655 1548 propter
688 1468 853 1528 statutum
891 1463 1018 1528 consilii
1048 1463 1218 1549 generalia,
1254 1464 1365 1528 nullus

312 1565 427 1647 potest,
452 1563 522 1628 sinc
537 1564 733 1650 Apostolicae
749 1565 842 1629 sedes
864 1564 1071 1644 auctoritate,
1088 1564 1212 1649 aliquid
1228 1569 1363 1630 mutare.

361 1663 525 1750 Quicquid
558 1687 637 1731 vero
667 1671 718 1731 est
751 1666 787 1730 in
820 1665 929 1752 prima
950 1670 1044 1752 parte
1075 1665 1117 1730 dc
1148 1667 1364 1752 grammatica

312 1765 491 1830 secundum
514 1767 643 1854 linguas
666 1767 788 1833 alienas
811 1772 861 1832 est
883 1767 1038 1844 notabile,
1070 1767 1248 1832 secundum
1275 1768 1363 1853 quod

201 1863 204 1867 ’
312 1866 394 1930 mihi
409 1867 548 1933 videtur.
595 1868 661 1934 Sed
684 1870 772 1934 inter
794 1887 907 1934 omnes
928 1868 1013 1932 illud
1028 1868 1298 1934 considerandum
1314 1875 1365 1934 est

311 1967 352 2032 de
367 1971 574 2057 corruptione
590 1970 715 2035 Textus
731 1970 831 2050 Sacri,
841 1975 876 2035 et
890 1970 1074 2057 colligenda
1088 1975 1167 2034 sunt
1181 1969 1303 2055 aliqua¹
1320 1993 1363 2035 ex

311 2076 430 2155 quarta
452 2076 555 2156 parto,
571 2071 629 2135 ubi
647 2077 698 2136 est
721 2071 937 2136 consideratio
961 2071 1176 2136 arithmeticae
1201 2071 1244 2136 ad
1265 2072 1363 2137 ecele-

311 2171 417 2235 siam²
440 2172 511 2236 Dei.
550 2172 597 2236 Et
619 2172 680 2237 hoc
702 2178 752 2238 cst
774 2171 919 2252 tertium,
936 2172 979 2238 ad
994 2172 1082 2258 quod
1097 2172 1207 2237 nullus
1221 2179 1364 2259 apponet

312 2270 519 2352 remedium,³
540 2271 605 2337 nisi
621 2272 713 2337 sedes
731 2273 925 2359 Apostolica
972 2273 1018 2338 Et
1034 2296 1107 2339 cum
1123 2274 1168 2338 sit
1183 2274 1311 2338 utilitas
1326 2276 1361 2338 in

311 2373 463 2457 operibus
485 2372 629 2438 alkimiae
652 2373 757 2459 major
772 2396 870 2460 quam
894 2375 959 2440 dici
982 2380 1100 2462 potest,
1118 2379 1217 2461 atque
1242 2376 1360 2440 saltem

311 2480 361 2539 cst
383 2474 431 2538 ibi
454 2473 576 2540 bonum
599 2475 778 2561 sapientia,
801 2475 886 2542 sicut
908 2477 944 2540 in
969 2479 1095 2542 arcteris
1116 2477 1253 2563 scriptis,
1278 2477 1360 2541 illud

311 2576 399 2660 quod
423 2576 568 2642 describo
591 2577 630 2642 de
654 2578 715 2642 hac
735 2576 872 2642 scientia
896 2582 1006 2664 potest
1028 2578 1064 2642 in
1090 2578 1156 2643 fine
1183 2579 1360 2644 voluminis

310 2679 399 2742 inter
413 2678 561 2743 notanda
575 2679 750 2744 numerari.
809 2680 951 2744 AEstimo
968 2680 1071 2766 igitur
1097 2679 1180 2766 [hic]
1206 2702 1281 2766 quae
1307 2681 1360 2745 hic

310 2778 489 2861 nominavi,
505 2801 574 2846 esse
596 2782 701 2868 magis
723 2781 931 2867 perlegenda,
948 2781 1127 2845 secundum
1144 2782 1233 2865 quod
1247 2787 1360 2846 vestra

308 2881 467 2946 sanctitas
492 2886 623 2968 tempus
649 2882 823 2947 obtinebit.
871 2883 917 2946 Et
940 2881 1057 2960 adhuc,
1090 2885 1128 2945 ut
1158 2881 1279 2945 certius
1308 2882 1358 2945 in-

308 2983 495 3063 veniantur,
539 2983 693 3069 proposui
718 2984 813 3069 signa
850 2983 928 3047 locis
970 2982 1045 3061 suis,
1085 2981 1207 3045 scilicet
1251 2983 1359 3066 capita

308 3083 452 3149 humana
477 3085 512 3148 in
535 3085 684 3170 margine
715 3083 776 3148 sub
807 3083 937 3169 paginis
949 3107 957 3163 3
980 3083 1057 3147 licet
1087 3081 1193 3145 multa
1215 3081 1360 3168 figurata

308 3186 414 3250 multa
445 3191 557 3251 tamen
591 3184 803 3271 praeterhaec
828 3189 908 3248 sunt
933 3183 1088 3268 inopere
1116 3188 1150 3247 et
1176 3205 1297 3270 magna
1323 3189 1358 3248 ct

307 3288 411 3353 utilia
459 3287 524 3353 Sed
554 3287 679 3351 habent
708 3285 937 3350 difficultatem
969 3290 1102 3371 propter
1131 3285 1252 3371 figuras
1281 3307 1358 3372 geo·

307 3389 467 3468 metricas,
482 3393 523 3453 ut
537 3393 588 3454 est
603 3392 764 3452 tractatus
787 3387 827 3452 dc
850 3387 1123 3473 multiplicatione
1143 3388 1307 3452 virtutum
1322 3393 1357 3453 et

307 3488 348 3555 de
370 3489 545 3576 agentibus
560 3489 658 3573 hujus
672 3488 798 3565 mundi,
823 3493 857 3553 et
884 3489 924 3553 dc
950 3493 1024 3554 tota
1046 3489 1177 3553 actione
1203 3489 1355 3554 naturali.
1489 3507 1492 3510 ’

308 3591 353 3656 Et
368 3613 427 3677 per
441 3591 529 3656 hunc
552 3595 731 3656 tractatum
752 3590 855 3655 scitur
876 3594 950 3654 tota
975 3590 1200 3675 perspectiva3
1227 3595 1262 3653 et
1285 3590 1356 3654 sine

306 3693 362 3758 illo
376 3715 436 3759 nec
451 3693 596 3759 coelestia
611 3713 670 3757 neo
685 3691 841 3756 inferiora
856 3691 932 3756 sciri
952 3696 1096 3777 possunt,
1113 3691 1198 3755 sicut
1218 3690 1355 3754 ostendo

306 3793 341 3857 in
356 3794 515 3880 exemplis
537 3794 577 3858 de
600 3793 788 3858 coelestibus
808 3797 842 3858 et
861 3793 975 3879 figuris
995 3792 1120 3872 mundi,
1137 3797 1172 3856 et
1197 3791 1239 3855 de
1262 3791 1355 3855 fluxu

306 3900 341 3959 et
364 3895 491 3960 refluxu
517 3895 624 3960 maris.
669 3894 830 3959 Similiter
852 3917 890 3959 ea
912 3916 987 3978 quae
1012 3898 1196 3978 sequuntur
1222 3893 1263 3957 de
1282 3914 1355 3978 geo-

306 3996 425 4061 metria
451 3996 537 4062 circa
567 3995 739 4061 materiam
770 3995 894 4075 mundi,
918 3996 1007 4060 iuter
1037 4017 1111 4080 quae
1142 3994 1248 4058 multa
1275 4001 1355 4059 sunt

306 4096 493 4184 hujusmodi
523 4098 640 4163 scienti
669 4097 889 4184 geometriam.
948 4095 1015 4162 Sed
1047 4096 1209 4181 praecipuc
1240 4117 1353 4176 unum,

305 4200 427 4265 scilicet
456 4200 543 4286 quod
573 4199 813 4265 determinatur
851 4199 891 4263 de
933 4203 1036 4276 motu,
1068 4197 1189 4262 scilicet
1222 4219 1354 4278 rerum;

305 4320 383 4365 narn
412 4299 460 4365 ibi
490 4301 632 4367 intentio
662 4301 761 4365 unius
800 4298 944 4365 scientiae
984 4299 1083 4385 hujus
1121 4298 1276 4386 aperitur,
1319 4307 1354 4365 et

306 4407 383 4467 sunt
409 4402 523 4489 figurae
553 4402 697 4489 pulchras
727 4408 761 4467 et
790 4402 890 4467 utiles
907 4400 974 4464 ibi.
1021 4400 1181 4467 Similiter
1210 4423 1288 4466 vero
1319 4403 1354 4466 iu

337 4672 344 4702 ¹
356 4671 453 4738 aliquo]
472 4675 543 4737 iqua,
554 4673 610 4724 MS.
858 4677 913 4722 mc·
931 4671 963 4720 ad
979 4676 1083 4728 rectum,
1095 4669 1151 4721 MS.

338 4749 510 4801 'arithmetica
528 4786 534 4802 .
552 4751 706 4820 ‚eccksicarJ
719 4767 760 4804 ars
777 4788 784 4804 .
801 4788 808 4804 .
890 4749 1048 4816 'rmcdiam]
1068 4749 1186 4812 medium,
1197 4747 1253 4799 MS.

398 4855 477 4906 ΥΟΕ.
495 4856 516 4906 1.
1210 4854 1235 4900 X
