3586 5640
444 802 508 866 112
815 812 944 864 nonam
969 813 1126 865 escoms.
1411 801 1498 890 [cae

439 990 576 1056 lentiam
598 990 858 1076 repercussionis,
883 990 1053 1076 quianon
1076 995 1127 1056 est
1149 1012 1273 1078 corpus.
1333 991 1399 1057 Sed
1422 1015 1496 1058 cum

440 1093 578 1158 densum
593 1093 742 1170 occurrit,
759 1097 794 1157 et
816 1114 884 1157 non
908 1097 1018 1180 potest
1040 1115 1075 1158 se
1098 1094 1318 1180 multiplicare
1340 1096 1491 1174 alteriue,

438 1196 640 1282 multiplicat
665 1216 699 1260 se
723 1195 759 1258 in
789 1200 920 1282 partem
953 1193 1036 1260 sibi¹
1063 1196 1273 1283 possibilem3
1300 1203 1336 1263 et
1358 1197 1419 1264 hoc
1442 1205 1491 1264 est

439 1297 606 1364 redeundo
635 1297 672 1361 in
702 1303 830 1384 partem
862 1320 882 1362 n
912 1320 979 1384 qua
1000 1299 1105 1375 venit,
1136 1299 1166 1363 si
1195 1299 1330 1365 reflexio
1360 1302 1419 1366 fist
1448 1302 1492 1366 ad

439 1401 576 1488 angulos
609 1405 723 1477 rectos,
759 1400 812 1464 vel
844 1422 864 1465 a
895 1400 998 1466 latere
1030 1401 1119 1465 illius
1149 1402 1263 1489 partis,
1288 1403 1317 1467 si
1358 1404 1492 1469 reflexio

438 1503 500 1568 fiat
529 1502 573 1568 ad
595 1502 732 1589 angulos
755 1502 941 1588 inaequales.
986 1500 1032 1568 Et
1054 1509 1195 1589 utraque
1218 1505 1358 1570 istarum
1381 1527 1490 1571 neces-

439 1605 525 1670 saria
569 1609 620 1669 est
666 1604 702 1668 in
740 1604 930 1691 operatione
968 1610 1108 1683 naturae,
1147 1606 1209 1671 ut‘2
1257 1607 1410 1672 videmus
1448 1608 1491 1673 sd

439 1728 570 1772 sensum
593 1707 630 1771 in
652 1707 733 1772 visu.
774 1707 862 1772 Nam
885 1729 944 1794 per
964 1707 1133 1794 speculum
1156 1708 1196 1774 fit
1219 1709 1353 1775 reflexio
1375 1710 1491 1797 speciei

438 1809 577 1875 visibilis
608 1810 651 1874 ad
683 1832 750 1887 nos,
783 1816 817 1875 et
850 1809 963 1876 oculus
993 1810 1087 1875 videt
1121 1833 1156 1876 se
1190 1833 1250 1898 per
1276 1812 1407 1877 redium
1440 1835 1488 1877 rc·

439 1911 564 1977 flexum
605 1911 648 1977 ad
681 1911 819 2000 angulos
849 1917 966 1992 rectos,
999 1916 1034 1978 ct
1065 1912 1160 1978 videt
1191 1913 1259 1978 alia
1290 1935 1349 2001 per
1379 1914 1491 1980 radios

440 2015 578 2081 reflexos
609 2013 652 2080 ad
684 2015 821 2102 angulos
853 2014 1026 2101 obliquos.³
1072 2015 1118 2081 Et
1140 2015 1211 2081 haec
1232 2015 1371 2081 reflexio
1401 2017 1490 2081 veri-

440 2123 536 2184 atur:
571 2117 650 2204 quia
684 2117 712 2183 si
747 2139 768 2183 a
799 2117 899 2204 plana
935 2116 1106 2205 superficie
1142 2117 1204 2182 fiat
1240 2117 1385 2198 reflexio,
1409 2123 1490 2185 tunc

440 2241 525 2286 unus
554 2218 666 2285 radius
695 2219 878 2286 reflectitur
914 2219 957 2286 ad
989 2241 1094 2285 unum
1125 2220 1319 2307 punctum3‘
1350 2221 1379 2286 si
1411 2243 1490 2287 vero

440 2345 461 2388 s
491 2342 633 2389 concavo
667 2321 833 2408 sphaerico,
869 2327 950 2388 tunc
981 2343 1094 2388 omnes
1128 2323 1283 2390 cadentes
1315 2323 1352 2389 in
1388 2345 1491 2389 unam

440 2424 685 2490 circulationem
709 2425 793 2490 circa
815 2446 912 2488 axem
934 2423 1072 2509 sphaerae
1091 2425 1309 2491 reflectuntur
1331 2426 1367 2491 in
1390 2448 1491 2513 punc·

441 2533 514 2594 tum
536 2548 648 2603 unum,
674 2533 708 2591 et
738 2531 979 2612 congregantur
1008 2547 1066 2612 per
1096 2526 1183 2592 hunc
1216 2529 1359 2609 modum,
1387 2534 1422 2593 et
1451 2529 1491 2594 fit

442 2628 623 2696 combustio
645 2626 770 2693 levium
796 2626 1084 2706 combustibilium‚
1109 2628 1194 2693 sicut
1218 2650 1276 2714 per
1297 2628 1490 2695 fractionem

442 2731 591 2820 superius
613 2730 744 2807 dietam,
768 2735 803 2795 et
825 2729 947 2795 fortior.
1010 2727 1110 2794 Unde
1131 2729 1306 2816 vulgatum
1330 2735 1380 2795 est
1403 2732 1490 2815 quod

440 2831 571 2923 speculo
594 2853 735 2899 concavo
757 2832 800 2898 ad
823 2831 926 2898 solem
948 2831 1056 2919 posito
1078 2831 1165 2919 ignis
1185 2831 1383 2908 ascenditur,
1399 2833 1491 2916 cujus

441 2937 753 3003 demonstrationem
776 2941 811 3001 et
832 2935 1064 3022 figurationem
1086 2934 1285 3021 transcripsi.
1318 2934 1355 2999 Si
1370 2934 1489 3000 iterum

440 3041 499 3106 fiat
520 3038 652 3104 reflexio
670 3039 836 3104 rediomm
855 3037 1011 3103 solarium
1034 3038 1071 3103 in
1089 3035 1217 3102 fervido
1234 3043 1380 3123 tempore
1399 3059 1419 3102 a
1437 3059 1489 3103 su-

440 3142 570 3233 perficie
593 3141 697 3206 ovnlis
719 3142 834 3226 figurae
858 3140 914 3205 vel
937 3140 1113 3218 annularis,
1136 3144 1277 3227 possunt
1299 3141 1491 3227 congregari

441 3267 552 3315 omnes
583 3245 677 3324 radii,
705 3244 763 3330 qui
785 3243 909 3308 cadunt
932 3243 968 3306 in
993 3248 1100 3309 totam
1122 3242 1325 3329 superficiem
1348 3244 1491 3329 corporis

441 3348 637 3439 specularis3
670 3352 704 3412 et
737 3351 826 3423 tunc,
851 3347 929 3431 quia
960 3345 1119 3412 infinities
1149 3345 1272 3411 infiniti
1307 3345 1393 3410 radii
1415 3368 1490 3412 con-

440 3457 629 3542 gregantur,
653 3455 763 3536 potest
784 3448 856 3513 fieri
879 3447 1063 3513 combustio
1094 3448 1314 3534 cujuscunque
1344 3448 1490 3514 combus-

441 3556 552 3632 tibilis
587 3560 626 3618 ut
657 3553 749 3639 ligna
782 3550 1024 3631 comburantur,
1058 3555 1092 3616 et
1122 3552 1248 3638 lapides
1281 3551 1492 3630 criminentur,

442 3665 477 3727 et
497 3655 632 3722 metella
653 3654 845 3719 fundantur.
891 3653 936 3717 Et
963 3652 1024 3718 hoc
1046 3659 1097 3718 est
1119 3675 1223 3719 unum
1246 3654 1288 3719 de
1317 3653 1436 3720 ultime
1459 3660 1492 3720 ct

442 3760 587 3830 maxima
619 3762 784 3845 potestate
814 3755 1041 3844 geometricae3
1072 3757 1233 3843 praecipue
1264 3778 1339 3821 cum
1371 3757 1494 3842 poterit

443 3865 513 3934 fieri
547 3863 617 3928 haee
649 3860 830 3926 combustio
852 3859 889 3923 in
912 3859 1001 3923 omni
1024 3858 1186 3924 distantia
1208 3881 1307 3944 quam
1330 3859 1491 3935 volumus,

443 3975 482 4038 ut
511 3961 637 4032 omnis⁶
660 3963 823 4028 exercitus
855 3962 1047 4038 contrarius,
1076 3966 1111 4025 et
1140 3966 1294 4040 cestrum,
1318 3965 1352 4024 ct
1374 3959 1492 4024 civitas

443 4069 624 4143 infidelium
653 4066 895 4132 comburantur.
956 4063 999 4129 Et
1031 4068 1125 4150 patet
1162 4061 1361 4149 possibilitas
1394 4059 1492 4146 hujus

1024 4371 1033 4402 ‘
1046 4386 1115 4420 naam
1124 4367 1253 4436 punctum]
1273 4373 1391 4433 punctum
1404 4381 1491 4427 unum,

479 4463 540 4533 tu]
557 4470 589 4519 (4.
606 4413 671 4510 ni.
991 4450 1020 4500 B.

479 4539 598 4612 a*
617 4532 735 4601 obliquos]
761 4531 874 4596 obliquos
894 4545 939 4580 an·
1024 4525 1072 4578 ³ar
1087 4527 1175 4594 omnis]
1194 4541 1242 4575 om.
1262 4525 1293 4576 Τ.

448 4624 572 4700 ,ιι
