3586 5640
307 755 400 844 vna]
643 773 875 823 comannnnr
898 772 1022 825 sronn.
1292 757 1357 825 ‘495

306 945 365 1011 liet
385 945 562 1012 diminutio
577 946 830 1033 eomputationis
844 947 971 1012 circiter
994 946 1169 1012 dimidium
1191 947 1278 1026 anni,
1302 949 1357 1014 vel

305 1048 387 1134 plus,
411 1050 498 1134 quod
521 1054 572 1115 est
596 1049 762 1127 vitiosum,
785 1054 820 1114 et
840 1049 915 1114 ideo
948 1048 1047 1113 debet
1069 1049 1197 1114 cautius
1227 1050 1356 1116 evitari.

305 1150 393 1230 Quia
406 1151 510 1238 igitur
524 1151 595 1217 haee
610 1156 793 1238 sequuntur
807 1173 850 1216 ex
872 1150 1062 1236 ignorantia
1075 1151 1238 1216 mensium
1262 1151 1354 1218 Grae-

304 1273 417 1317 oorum
440 1259 475 1318 et
491 1254 716 1333 Hebraeorum,
741 1259 775 1319 et
796 1254 969 1319 nominum
992 1274 1112 1332 eorum,
1130 1258 1165 1319 et
1186 1257 1294 1334 terra,
1310 1255 1357 1320 sia

306 1359 485 1441 pertatem
501 1355 715 1443 Scripturam,
730 1361 865 1443 propter
878 1355 1103 1443 ignorantiam
1127 1356 1268 1422 istarum
1295 1357 1361 1420 lin·

305 1474 453 1539 guarum,
477 1459 649 1538 ponuntur
677 1455 856 1541 positiones
877 1454 1061 1520 falsissimae
1091 1458 1127 1519 et
1156 1454 1358 1541 periculosae,

306 1560 341 1620 et
364 1553 572 1623 oelabrantur
593 1578 652 1644 pro
666 1558 817 1636 veritate,
841 1562 877 1624 et
898 1557 1115 1646 negligrmtur
1137 1557 1360 1643 expositiones

307 1657 510 1744 dignissimae
541 1663 575 1725 et
608 1660 834 1726 veracissimae.
880 1658 948 1726 Sed
985 1658 1029 1724 ad
1066 1681 1210 1747 praesens
1247 1680 1360 1746 auper-

307 1761 488 1826 sedendum
520 1769 580 1844 est,
613 1763 692 1848 quia
723 1767 855 1850 oportet
886 1781 947 1828 nos
980 1762 1024 1826 ad
1054 1761 1120 1826 alia
1153 1763 1360 1848 pertransire.

306 1864 411 1929 Tenui
440 1868 552 1930 tamen
583 1865 709 1931 diutius
733 1865 818 1932 hano
843 1869 972 1951 partem
995 1862 1092 1928 istius
1121 1867 1293 1942 traatatus,
1326 1869 1361 1929 at

305 1967 402 2053 plura
433 1969 589 2055 loquutus
619 1989 701 2048 sum,
733 1967 811 2054 quia
836 1967 890 2032 hio
919 1966 1005 2032 latet
1034 1965 1140 2051 major
1161 1966 1359 2053 ignorantia,

306 2075 341 2134 et
374 2092 463 2136 error
496 2070 694 2136 Latinorum
727 2069 939 2157 periculosior
961 2074 997 2135 at
1028 2069 1138 2134 vilior.
1183 2069 1272 2149 Quia
1300 2089 1361 2134 neo

306 2173 415 2237 sciunt
437 2173 585 2252 seribere,
608 2195 670 2239 naa
690 2173 833 2260 proferre
855 2172 1025 2251 voeabula,
1048 2191 1109 2237 neo
1138 2168 1358 2258 interpretari,

306 2295 366 2338 nea
410 2275 573 2340 rationem
618 2275 833 2363 philosophiae
877 2297 938 2342 nea
991 2273 1167 2361 theologiae
1211 2273 1355 2353 reddere,

307 2381 441 2463 propter
463 2378 685 2465 ignorantiam
707 2378 887 2445 infinitam.

747 2704 828 2773 Car.
852 2705 914 2772 IX.

352 2893 501 2959 Hnoms
530 2893 634 2958 eausis
662 2897 797 2979 propter
827 2915 910 2980 quas
939 2913 1068 2959 neeesse
1097 2895 1149 2956 est
1177 2895 1217 2955 ut
1243 2889 1356 2956 Latini
1369 2903 1426 2955 The
1438 2903 1523 2956 Greek

306 2997 413 3061 saiant
434 2997 516 3063 satis
539 2996 581 3060 de
602 2997 819 3083 grammatica
849 2996 987 3060 aliarum
1017 2995 1215 3081 linguarum,
1240 2993 1356 3058 saltem
1370 2971 1487 3088 fflg‘l

305 3098 418 3178 trium,
465 3099 588 3162 scilieet
626 3097 758 3175 oreae,
799 3095 981 3174 Hebraiaae,
1017 3102 1052 3161 et
1083 3095 1242 3172 Arabiane,
1280 3097 1473 3167 volopowem.

305 3200 448 3285 incipere
484 3221 506 3263 a
544 3198 666 3277 Graeca,
702 3198 781 3284 quia
817 3197 945 3264 facilior
981 3202 1033 3264 est
1069 3203 1105 3263 et
1140 3198 1246 3286 magis
1283 3220 1359 3264 aon-

306 3302 401 3366 venit
431 3322 506 3365 eum
529 3301 659 3366 Latino.
709 3300 826 3366 Omnis
856 3301 945 3366 enim
975 3301 1091 3389 lingua
1120 3301 1228 3389 primo
1249 3302 1360 3368 utitur

307 3401 482 3488 alphabeto
525 3403 560 3467 ln
597 3424 662 3489 quo
694 3402 800 3468 literae
832 3409 1005 3491 ponuntur
1039 3404 1199 3470 ordinate.
1248 3405 1360 3471 Litora

308 3526 387 3570 vero
407 3504 586 3570 seeundum
601 3504 806 3570 Priscianum
830 3512 881 3572 ast
903 3506 1042 3595 propria,
1058 3507 1165 3594 figura
1177 3507 1359 3594 inscripto,

308 3613 344 3673 et
381 3607 579 3673 elementum
625 3607 749 3673 dieitur
792 3609 830 3673 ln
873 3609 1153 3697 pronuntiatione.
1222 3608 1361 3674 Utimur

309 3732 377 3776 uno
398 3732 459 3797 pro
492 3709 558 3776 alio
581 3709 819 3778 indifferenter.
867 3712 993 3780 Ponam
1023 3734 1103 3779 vero
1126 3711 1257 3777 Graecas
1287 3711 1361 3777 lite-

306 3836 361 3880 ras
403 3833 479 3878 aum
521 3813 636 3900 figuris
670 3818 704 3878 et
740 3815 931 3881 nominibus
972 3815 1048 3894 suis,
1080 3819 1116 3881 et
1148 3813 1288 3900 majores
1327 3819 1362 3880 et

306 3916 448 3982 minores
470 3915 592 4004 figuras
614 3915 757 4002 ejusdem
781 3917 888 3984 literae
918 3916 1098 4004 figurabo,¹
1126 3922 1227 4003 atque
1250 3936 1361 4002 super·

306 4020 446 4086 scribam
467 4018 589 4106 figuras
619 4018 793 4086 literarum
819 4019 1024 4100 Latinarum,
1048 4024 1088 4084 ut
1110 4021 1233 4085 sciatur
1263 4040 1361 4105 quem

306 4144 432 4202 sonum,
456 4126 613 4209 atquem
635 4127 836 4210 potestatem
859 4122 1005 4188 habeant
1030 4122 1136 4188 literae
1162 4122 1359 4202 Graeaom

257 4214 262 4223 ⁵
305 4231 346 4290 ut
379 4247 438 4311 par
467 4231 596 4291 nostras
618 4224 659 4290 de
689 4224 777 4291 faaili
799 4225 971 4292 videamus
1004 4246 1080 4312 quae
1113 4229 1148 4290 et
1179 4228 1262 4311 quot
1292 4223 1361 4290 sint

305 4329 434 4393 vocales
470 4333 505 4394 et
542 4333 768 4408 consonantes,
807 4349 882 4415 quae
923 4327 1026 4394 etiam
1062 4332 1174 4407 mutae,
1213 4333 1248 4394 et
1286 4349 1361 4414 quae

305 4430 449 4515 liquidae.
511 4431 608 4512 Item,
648 4432 728 4519 quia
772 4430 879 4498 Graeoi
922 4434 1101 4498 numerant
1144 4452 1204 4519 per
1247 4430 1360 4497 literas

469 4678 476 4709 ¹
480 4678 610 4746 fiwato]
630 4679 678 4733 see
689 4677 733 4732 tha
744 4678 811 4732 atla
822 4686 850 4734 at
860 4678 904 4732 tha
915 4681 965 4732 end
975 4679 1006 4732 or*
1012 4679 1056 4732 tha
1067 4679 1175 4732 volume.
