3586 5640
332 755 351 790 ⁸
462 752 506 826 70
847 766 978 818 aconei
999 763 1145 817 aucorem
1430 753 1517 841 [car.

464 944 620 1011 solatium
635 965 787 1031 quaerere,
812 947 848 1010 et
873 965 919 1022 ea,
942 964 1016 1030 quae
1038 941 1150 1021 nescit,
1174 948 1323 1010 autnon
1337 943 1517 1032 approbare

463 1054 524 1114 aut
545 1047 726 1136 reprobare,
749 1051 784 1112 et
809 1047 892 1112 illud
915 1047 1079 1114 modicum
1105 1046 1194 1132 quod
1220 1045 1282 1113 scit
1295 1047 1351 1112 vel
1372 1046 1517 1113 aestimat

462 1150 552 1229 sone,
569 1150 645 1216 lioet
658 1149 789 1226 nesciat,
806 1149 929 1235 gaudet
944 1148 1168 1236 imprudenter
1182 1152 1368 1215 ostentare
1393 1148 1516 1215 Omnes

463 1251 592 1318 autcm¹
616 1251 734 1318 scimus
759 1251 848 1336 quod
878 1251 1029 1337 exempla
1057 1257 1093 1317 et
1116 1252 1317 1318 consuetudo
1342 1255 1465 1332 nostra,
1481 1257 1516 1319 et

449 1374 576 1420 sensus
605 1353 705 1439 vulgi,
743 1357 783 1418 ut
819 1352 856 1417 in
885 1352 1041 1438 pluribus,
1080 1354 1202 1419 cadunt
1230 1360 1328 1441 super
1363 1354 1451 1418 mala
1481 1358 1516 1420 et

461 1455 563 1536 falsum
596 1459 631 1521 et
660 1455 689 1520 si
712 1454 888 1541 aliquando
909 1476 1007 1541 super
1029 1455 1117 1522 bona
1141 1461 1176 1521 et
1199 1477 1280 1522 vcra
1304 1456 1425 1523 cadant
1457 1477 1515 1522 ex-

461 1557 606 1646 emplum
621 1561 656 1624 et
669 1557 878 1637 consuetudo,
897 1557 959 1622 hoc
973 1561 1023 1624 est
1045 1557 1082 1622 in
1106 1558 1255 1644 pluribus
1276 1560 1512 1646 imperfectum,

460 1665 496 1726 et
523 1659 687 1727 rarissimo
716 1659 834 1726 accidit
863 1659 997 1745 aliquod
1033 1660 1223 1745 exemplum
1253 1662 1343 1746 quod
1371 1662 1407 1726 in
1437 1684 1512 1727 con-

459 1759 696 1832 suetudinum⁹
726 1761 831 1828 trahit
861 1760 1101 1848 perfectionem,
1133 1780 1193 1825 nec
1214 1761 1251 1824 in
1285 1763 1358 1827 vita
1393 1765 1512 1828 necin

459 1863 605 1931 scientia
658 1864 786 1951 Vulgus
812 1869 924 1928 autem
952 1862 1143 1948 imperitum
1165 1882 1294 1948 semper
1315 1867 1366 1928 est
1390 1862 1510 1948 imper-

459 1967 605 2049 fectum3
627 1967 714 2032 unde
729 1965 848 2032 sufficit
874 1965 904 2029 ei
927 1967 1048 2029 utnon
1070 1968 1174 2029 erret:
1198 1985 1276 2028 nam
1299 1964 1335 2028 in
1349 1964 1511 2050 sapientia

459 2069 524 2135 Dei
537 2069 658 2156 vulgus
680 2067 807 2156 generis
821 2065 958 2132 humani
980 2070 1074 2144 errat,
1091 2066 1170 2152 quia
1191 2064 1371 2131 multitudo
1401 2069 1452 2130 est
1473 2065 1510 2130 in

458 2172 592 2237 mortali
605 2175 748 2258 peccato,
763 2169 912 2256 paucitas
936 2176 1086 2256 respectu
1108 2167 1205 2253 hujus
1220 2167 1445 2233 multitudinis
1460 2173 1510 2233 est

459 2273 496 2338 in
518 2278 610 2339 stetu
635 2272 758 2338 salutis.
804 2270 896 2336 Etsi
920 2271 1013 2335 illum
1036 2270 1238 2358 paucitatem
1262 2271 1448 2337 dividemus
1473 2271 1510 2336 in

457 2375 577 2462 vulgus
591 2379 626 2440 et
648 2375 685 2439 in
706 2377 847 2451 caeteros,
863 2372 984 2460 vulgus
1007 2378 1058 2438 est
1077 2371 1314 2460 imperfectum,
1336 2377 1370 2439 et
1384 2375 1510 2461 paucis-

457 2474 533 2542 simi
555 2481 635 2542 sunt
656 2475 692 2541 in
716 2479 807 2542 statu
828 2472 1060 2562 perfectionis;
1091 2478 1126 2540 et
1148 2475 1255 2541 adhuc
1275 2481 1393 2562 regnat
1414 2479 1511 2542 tanta

457 2576 674 2666 imperfectio,
689 2578 777 2666 quod
791 2576 954 2664 sapientes
968 2575 1064 2641 istius
1080 2577 1237 2662 temporis
1251 2578 1456 2642 contendunt
1470 2579 1510 2643 de

458 2679 526 2748 istu
553 2678 761 2769 perfectione,
788 2678 968 2745 nescientes
999 2698 1072 2743 eam
1098 2677 1254 2744 invenire.
1301 2677 1383 2758 Quis
1405 2677 1510 2764 igitur

459 2783 623 2871 perfectus
645 2785 717 2850 esti
745 2781 837 2849 Deus
850 2779 947 2846 novit
962 2779 1090 2846 omnia:
1115 2780 1172 2846 sed
1191 2779 1307 2845 saltem
1331 2777 1397 2845 scio
1421 2781 1509 2864 quod

459 2885 640 2953 multitudo
662 2887 713 2952 est
734 2881 932 2973 imperfecta,
949 2881 1051 2949 etiam
1065 2881 1246 2949 multitudo
1260 2880 1400 2948 istorum
1423 2881 1508 2968 sapi·

459 2993 576 3056 ontum
605 2986 664 3078 qui
685 2987 731 3054 sic
753 2985 979 3065 contendunt3
1002 2989 1037 3051 et
1057 2985 1186 3051 utinam
1200 3005 1268 3050 non
1290 2986 1405 3061 essent
1429 2984 1508 3070 quio

459 3096 567 3158 toturn
589 3089 654 3158 Dei
676 3088 842 3158 ecclesiam
863 3085 1068 3155 conturbant
1115 3086 1276 3153 Similiter
1296 3089 1390 3173 patet
1421 3089 1508 3173 quod

458 3191 580 3280 vulgus
602 3192 740 3259 humani
770 3189 897 3279 generis
929 3193 1018 3256 errat
1039 3190 1076 3255 in
1098 3189 1259 3277 sapientia
1285 3187 1507 3276 philosophiae,

457 3299 494 3359 et
514 3291 950 3381 peucitesphilosophorum
972 3290 1075 3358 habet
1096 3291 1278 3357 veritatem.
1335 3289 1381 3357 Et
1403 3291 1509 3359 adhuc

455 3393 577 3482 vulgus
615 3393 918 3482 philosophantium
948 3414 1075 3482 semper
1113 3395 1163 3458 est
1199 3391 1436 3481 imperfectum,
1473 3401 1508 3462 et

454 3494 552 3584 puuoi
574 3493 807 3583 sapientissimi
833 3493 968 3561 fuerunt
994 3494 1031 3560 in
1053 3492 1251 3582 perfectione
1273 3495 1507 3583 philosophiae;

455 3599 496 3663 ut
514 3595 617 3686 primi
630 3596 871 3686 compositores,
887 3600 921 3664 et
944 3595 1110 3678 Salomon,
1127 3602 1162 3669 et
1177 3596 1296 3664 deinde
1311 3597 1507 3665 Aristoteles

453 3717 514 3787 pm
551 3703 698 3787 tempore
728 3721 814 3779 suo;
845 3705 880 3766 et
910 3704 1024 3787 postea
1054 3699 1234 3782 Avioenna,
1259 3705 1294 3766 et
1323 3701 1360 3765 in
1391 3699 1507 3767 diebus

286 3805 385 3865 bbere
452 3800 578 3867 nostris
615 3799 767 3868 dominus
806 3800 970 3869 Robertus
1007 3802 1175 3890 episcopus
1204 3824 1310 3890 nuper
1343 3800 1507 3868 Linoolni-

287 3872 412 3934 Μ
452 3901 548 3982 omis
580 3906 617 3970 a
654 3902 757 3969 esar
788 3901 899 3969 Adam
933 3904 975 3970 a
1008 3901 1158 3985 narseo,
1190 3903 1269 3991 qus
1305 3902 1341 3967 u
1370 3901 1506 3969 uerunt

284 3955 415 4085 idm*
450 4002 587 4094 perlecti
603 4002 645 4089 ‚in
671 4004 762 4071 omni
787 4003 960 4093 sapientia,
983 4009 1019 4072 et
1042 4027 1212 4093 nunquam
1234 4005 1369 4072 fuenmt
1394 4005 1505 4092 plures

450 4104 586 4196 perfecti
615 4105 651 4171 in
675 4106 891 4196 philosophia
937 4107 1067 4196 Vulgus
1089 4109 1199 4196 igitur,
1227 4108 1325 4173 utin
1353 4107 1504 4194 pluribus

451 4213 548 4289 erret,
564 4211 599 4275 et
613 4207 724 4296 capita
746 4230 806 4275 sua
829 4208 988 4289 similiter,
1005 4215 1040 4276 et
1063 4231 1137 4275 raro
1164 4209 1312 4274 sentiunt
1327 4208 1502 4275 veritatem

450 4313 486 4377 et
509 4309 545 4377 in
567 4310 685 4398 paucis
743 4311 789 4378 Et
818 4312 879 4379 hoo
908 4314 1036 4379 decmro
1072 4333 1131 4400 per
1156 4313 1368 4378 auctoritates
1404 4313 1505 4400 scrip·
1628 4358 1633 4363 -

482 4588 593 4657 ἀνίει]
605 4604 656 4641 on.
668 4589 699 4642 T.
998 4578 1160 4658 suetudinem]
1188 4569 1291 4657 aliquod
1320 4592 1386 4657 quod
1413 4607 1498 4642 exem·

482 4666 599 4739 'docui
615 4669 745 4740 emplum
767 4670 831 4739 qaod
847 4672 876 4724 is
889 4687 946 4724 cce·
998 4672 1068 4738 plum
1079 4671 1481 4740 morinummontem&
