3586 5640
459 741 502 809 60
833 762 962 814 noonnr
985 762 1131 817 sucorrs
1424 747 1511 836 [cnr.

456 933 583 998 minure
605 933 647 998 de
668 932 765 999 sectis
786 933 823 999 in
845 934 1036 1019 particulari
1058 938 1093 1001 et
1114 933 1151 999 in
1174 934 1307 1023 proprie
1329 934 1510 1024 disciplina,

456 1035 636 1101 secundum
666 1035 755 1120 quod
784 1036 914 1122 patebit
943 1041 1026 1122 post

289 1132 344 1249 le
330 1149 428 1185 000000
396 1135 446 1184 000
502 1136 592 1202 Nam
623 1137 765 1203 secunde
795 1160 872 1224 pers
909 1139 1042 1204 moralis
1079 1137 1293 1226 philosophiae
1330 1140 1391 1207 dut
1424 1140 1512 1229 leges

288 1201 380 1317 ,iffi
379 1217 433 1332 ghi.
424 1201 612 1325 spublicae,
639 1243 675 1305 et
696 1239 803 1326 primo
832 1240 874 1306 de
904 1239 997 1307 cultu
1019 1239 1141 1323 divino,
1169 1240 1258 1314 dein¹
1287 1242 1329 1311 de
1351 1242 1510 1330 regimine

287 1284 426 1464 08000Ροἔὲ
455 1340 652 1427 reipublicae,
676 1346 711 1407 et
733 1341 928 1408 civitatibus
955 1347 992 1409 et
1020 1343 1151 1430 regnis5
1180 1347 1215 1409 et
1243 1342 1305 1411 sub
1330 1343 1512 1431 harperto

289 1414 375 1518 caim
455 1443 677 1509 continetur
662 1464 720 1529 Jus
742 1443 838 1509 civile
860 1445 1097 1532 imperatorum
1114 1449 1150 1512 et
1164 1465 1280 1533 regum
1297 1461 1356 1532 por
1377 1446 1510 1520 univer·

455 1567 529 1610 sum
543 1545 713 1626 mundum,
728 1550 764 1612 et
785 1546 885 1612 multi
906 1547 1114 1614 tradiderunt
1135 1548 1241 1615 multu
1262 1547 1304 1615 de
1325 1547 1388 1618 huo
1408 1552 1510 1635 pute

457 1646 523 1713 Sed
545 1647 749 1728 Aristoteles,
771 1653 806 1714 et
828 1649 899 1735 ejus
924 1648 1102 1736 disoipulus
1124 1648 1377 1736 Theophrastus,
1400 1650 1511 1716 omnis

456 1749 710 1836 compleverunt,
742 1754 782 1816 ut
812 1751 894 1818 dicit
924 1750 1055 1819 Marcus
1084 1751 1213 1821 Tullius
1241 1752 1360 1838 quinto
1385 1750 1510 1820 Aoede·

456 1850 638 1918 mioorum²
669 1852 775 1934 libror
807 1857 842 1920 et
874 1854 918 1921 nb
939 1853 992 1920 his
1023 1852 1212 1921 habuerunt
1245 1871 1358 1921 omnes
1395 1851 1508 1919 Latini

456 1973 569 2020 omnes
599 1953 689 2042 leges
719 1954 965 2042 prinoipnlitert
1007 1976 1196 2043 quanquam
1233 1953 1421 2042 legee‘XII.
1445 1955 1507 2021 Tu·

452 2053 609 2122 ’oulerum
636 2053 772 2124 luerunt
792 2057 1000 2145 trmsuiptae
1023 2078 1066 2125 ex
1090 2057 1188 2124 dictis
1211 2055 1342 2124 Solonis
1368 2055 1508 2129 Atheni·

455 2159 549 2224 ensis.
595 2157 661 2226 Sed
691 2159 869 2226 dolendum
894 2164 946 2228 ost
975 2159 1063 2246 quod
1093 2159 1165 2228 hrec
1193 2180 1269 2248 pers
1294 2157 1507 2247 philosophiae

454 2280 522 2324 non
547 2265 598 2326 eet
621 2260 711 2347 apud
737 2260 933 2328 Latinorum
962 2282 1069 2345 usum,
1100 2261 1166 2329 nini
1191 2260 1362 2341 lolouliter,
1393 2282 1505 2329 seeun-

454 2360 534 2425 dum
549 2362 638 2445 quod
656 2361 870 2447 imperatores
885 2368 920 2428 et
941 2384 1034 2449 reges
1057 2368 1271 2446 statueruntr
1297 2385 1376 2431 num
1398 2364 1507 2450 philo·

453 2461 808 2547 sophioe,seoundu1n
835 2463 924 2548 quod
957 2464 1084 2530 trudito
1113 2470 1164 2531 est
1195 2467 1237 2532 ub
1259 2464 1440 2532 Aristotele
1472 2470 1507 2531 et

453 2561 686 2648 Theophrasto,
711 2584 778 2629 non
801 2569 851 2631 est
872 2565 943 2632 haeo
964 2587 1040 2651 pers
1065 2565 1101 2631 in
1123 2587 1187 2632 usu
1210 2566 1414 2632 hunorum„

284 2676 340 2728 Tne
351 2678 420 2731 uin
498 2662 610 2730 Tertio
634 2686 710 2752 pom
734 2672 785 2732 est
814 2667 855 2733 de
884 2666 1050 2733 virtutum
1073 2667 1245 2734 honestate
1273 2671 1313 2732 ut
1342 2670 1504 2744 ementur,

282 2743 488 2861 0οζζο100000οθὺ
518 2766 677 2833 vitiorum
705 2768 913 2855 turpitudine
942 2774 983 2836 ut
1004 2768 1176 2849 vitentur·
1205 2773 1240 2837 et
1263 2768 1333 2836 haeo
1358 2771 1409 2832 est
1434 2766 1506 2852 pul-

282 2876 442 3008 000000οοοἷ
452 2868 813 3039 ihfifflbffliiii·
780 2893 879 2957 0000
912 2871 1021 3039 000οι0
1036 2868 1424 3059 „trimi
1443 2873 1505 3036 ii

475 2993 558 3037 eno
583 2995 611 3037 rs
748 2974 840 3052 runis,
864 2996 922 3060 qiu
944 2995 997 3040 sm

450 3073 688 3160 perfectiores
678 3095 715 3140 m
736 3076 884 3141 moribus
906 3097 1005 3162 quum
1028 3074 1214 3161 philosophi
1240 3073 1395 3140 infideles
1442 3074 1502 3140 Le·

450 3181 573 3262 guntur
596 3176 708 3242 decem
729 3177 808 3242 libri
826 3176 1033 3244 Ethioorum³
1046 3176 1236 3244 Aristotelis
1260 3176 1326 3243 et
1316 3197 1502 3243 innumere-

449 3277 532 3342 biles
555 3277 695 3358 Seneoae,
719 3282 754 3345 et
776 3278 885 3359 Tullii,
902 3284 937 3346 et
958 3279 1106 3358 eliorum,
1130 3283 1165 3345 et
1186 3277 1392 3345 inveniemus
1414 3279 1503 3365 quod

449 3400 561 3443 sumus
575 3379 612 3443 in
626 3380 745 3460 abysso
760 3380 929 3462 vitiorum,
951 3387 992 3448 ut
1014 3381 1167 3458 dicemus
1191 3388 1208 3418 ‘⁸
1219 3380 1336 3447 Gratis
1351 3379 1415 3446 Dei
1439 3381 1502 3446 sal·

449 3487 467 3516 “
490 3481 584 3546 vuvit
598 3480 686 3547 nos''
731 3481 887 3548 Summus
902 3484 990 3548 enim
1005 3483 1094 3549 zelus
1109 3483 1278 3561 oesffitetis,
1296 3487 1330 3548 et
1352 3504 1502 3548 mensue-

446 3583 581 3661 tudinis,
604 3589 637 3648 et
656 3584 833 3669 petientiae,
850 3590 885 3651 et
899 3585 1101 3666 oonstentiae,
1118 3590 1153 3652 et
1172 3585 1320 3650 omnium
1335 3584 1500 3651 virtutum

446 3685 512 3750 fuit
536 3685 626 3772 apud
652 3686 868 3773 philosophos.
914 3686 1003 3754 Nem
1029 3709 1097 3753 non
1126 3692 1177 3753 est
1205 3687 1304 3753 homo
1330 3687 1367 3752 in
1391 3686 1500 3771 eliquo

446 3788 530 3852 vitio
550 3789 600 3853 its
621 3788 796 3875 absorptus
822 3790 904 3875 quin
927 3790 956 3855 si
977 3791 1101 3876 legeret
1125 3789 1301 3876 diligenter
1318 3789 1418 3853 libros
1441 3788 1500 3850 hos

445 3889 529 3955 illud
550 3891 671 3955 vitium
695 3891 897 3972 dimitteret3
924 3892 1080 3978 quonium
1106 3892 1154 3956 itu
1177 3895 1331 3977 potenter
1355 3889 1500 3975 allegent

445 4015 505 4078 pro
529 3993 677 4078 qualibet
704 3995 837 4074 virtute,
862 4001 895 4059 et
922 3998 1036 4060 eontra
1058 3992 1230 4079 quodlibet
1254 3992 1385 4071 vitium,
1413 3991 1500 4076 quod

444 4116 513 4159 non
534 4100 583 4159 est
600 4095 683 4160 finis.
730 4094 829 4162 Unde
849 4118 924 4162 oum
944 4095 1122 4184 pessimum
1141 4094 1264 4159 vitium
1284 4093 1328 4158 sit
1347 4093 1405 4170 ira,
1422 4093 1500 4177 quio

349 4181 352 4188 ’
445 4218 575 4262 omnem
602 4199 768 4264 hominem
799 4204 833 4264 et
856 4203 966 4264 totum
995 4197 1157 4265 mundum
1181 4194 1331 4274 destruit,
1355 4217 1423 4261 non
1449 4199 1499 4260 est

478 4497 565 4564 meo]
585 4504 610 4549 et
626 4496 723 4560 deinde,
740 4498 771 4547 B.
994 4500 1037 4550 the
1066 4499 1193 4590 reference
1222 4497 1244 4549 le
1274 4511 1290 4548 a
1316 4497 1424 4551 misuka
1452 4494 1493 4548 lor
1556 4458 1559 4464 0

474 4659 583 4722 ’quinto
596 4657 807 4726 Academicorum]
827 4656 944 4726 Possibly
994 4579 1204 4724 Dilssmttiovdrion]
1223 4671 1272 4709 om.
1291 4655 1322 4710 Τ.
