3586 5640
454 803 520 870 396
833 818 961 870 uocum
984 817 1130 870 mcours
1418 807 1509 895 [ω’ι

454 991 542 1078 qnod
573 1013 642 1058 non
671 990 791 1058 habuit
819 1013 924 1058 unum
953 997 1067 1060 contra
1093 1014 1153 1059 sex
1181 997 1217 1061 et
1246 993 1379 1083 viginti.
1436 996 1508 1064 Nec

454 1099 567 1160 tamen
597 1094 638 1160 de
668 1094 736 1160 suia
769 1093 882 1162 amisit
914 1094 979 1161 nisi
1014 1096 1274 1184 quadringentos
1305 1101 1341 1162 et
1375 1119 1507 1182 novem,

454 1197 540 1263 sicut
562 1218 604 1262 ex
625 1196 732 1284 Trogo
754 1197 917 1285 Pompeio,
941 1220 980 1263 ac
1005 1198 1083 1264 Tito
1105 1199 1211 1279 Livio,
1235 1203 1270 1264 et
1295 1198 1439 1280 Justino,
1467 1225 1507 1267 ac

455 1298 571 1364 Orosio
601 1299 645 1364 ad
669 1299 894 1387 Augustinum
924 1299 1091 1388 colligitur
1119 1301 1393 1370 manifestissime
1439 1303 1507 1370 Sed

453 1402 523 1471 haec
543 1403 674 1490 planius
696 1404 858 1491 patebunt
880 1405 916 1469 in
939 1427 998 1471 suo
1019 1405 1099 1471 loco.

285 1524 402 1578 windam
497 1505 593 1573 Sicut
613 1527 694 1572 vero
719 1506 756 1571 in
777 1506 829 1572 his
852 1507 997 1594 quinque
1019 1511 1147 1573 restant
1172 1529 1278 1574 causae
1301 1512 1336 1574 et
1358 1509 1505 1576 rationes

285 1592 430 1724 ml
451 1609 594 1678 infinitae
623 1611 744 1699 quibus
773 1632 829 1677 cor
863 1611 1045 1677 humanum
1081 1611 1118 1676 in
1148 1633 1293 1678 amorem
1331 1615 1505 1700 sapientiae

284 1726 400 1807 nonme
452 1713 631 1801 perfectum
661 1713 833 1792 alliciatur,
860 1712 948 1800 quod
978 1715 1085 1801 primo
1115 1713 1183 1780 fuit
1211 1715 1427 1802 propositum,
1459 1717 1505 1782 sic

284 1800 377 1848 '⁶⁹⁰⁰’
451 1816 630 1883 secundum
652 1815 689 1881 in
711 1815 834 1882 eisdem
856 1815 1017 1898 consistit,
1040 1816 1165 1882 scilicet
1187 1817 1364 1904 integritas
1390 1839 1503 1883 eorum

452 1941 527 2008 qma
548 1920 591 1985 ad
617 1919 813 2008 completam
835 1918 1032 2006 sapientiam
1054 1920 1280 2005 requiruntur.
1326 1919 1415 1985 Nam
1442 1927 1504 1986 aut

451 2022 712 2110 contemplamur
742 2021 904 2109 fulgorem
934 2021 1103 2108 sapientiae
1140 2020 1177 2085 in
1206 2020 1328 2102 studio,
1354 2028 1414 2087 aut
1444 2045 1504 2088 ex-

450 2126 595 2213 perimur
620 2125 707 2191 vires
731 2123 800 2212 ejus
822 2123 859 2189 in
881 2145 986 2210 opere,
1010 2123 1091 2188 dum
1115 2144 1188 2190 eam
1211 2121 1255 2188 sd
1277 2123 1446 2189 ecclesiam
1469 2131 1504 2191 et

450 2227 519 2294 tria
538 2232 656 2294 caetera
678 2247 910 2314 comparamus.
957 2225 1209 2313 Experientiam
1231 2225 1320 2290 enim
1343 2226 1504 2294 utilitatis

449 2330 621 2416 sapientiae
647 2329 683 2393 in
712 2327 871 2416 regimine
901 2327 1050 2410 ecclesiae,
1082 2332 1117 2393 et
1150 2327 1352 2414 reliquarum
1388 2329 1501 2412 trium,

448 2431 605 2519 praecedit
641 2429 840 2495 naturaliter
876 2429 1020 2516 perfecta
1058 2429 1232 2517 acquisitio
1264 2430 1436 2516 sapientiae
1466 2433 1503 2496 in

448 2533 580 2615 studio;
610 2537 645 2599 et
674 2533 780 2619 ipsam
806 2532 879 2617 jam
915 2553 1097 2618 possessam
1126 2554 1188 2620 per
1215 2533 1373 2600 exercitia
1399 2534 1502 2600 studii

448 2635 605 2702 sublimat
634 2638 669 2700 et
690 2633 882 2721 magnificat
904 2635 1055 2700 executio
1085 2635 1272 2701 utilitatum
1296 2657 1370 2721 quae
1392 2636 1429 2701 in
1452 2659 1501 2703 ec-

447 2737 546 2805 clesia
570 2738 666 2819 fiunt,
694 2742 729 2803 et
752 2737 878 2803 caeteris
905 2736 1012 2802 tribus
1044 2737 1155 2803 dictis.
1207 2737 1273 2818 Qui
1299 2738 1405 2825 igitur
1430 2761 1501 2826 per-

447 2841 531 2908 fecte
550 2845 585 2907 et
605 2841 732 2928 integre
749 2839 825 2906 vult
845 2862 879 2905 se
899 2838 978 2905 dare
998 2840 1178 2926 sapientia,
1194 2861 1325 2906 necesse
1348 2843 1502 2927 estquod

448 2966 520 3010 eam
547 2944 598 3009 his
624 2943 769 3031 quinque
794 2941 951 3029 gradibus
977 2941 1166 3029 investiget
1217 2942 1501 3010 Considerandum

448 3055 561 3117 tamen
583 3055 635 3116 est
657 3050 746 3137 quod
769 3040 842 3116 tota
863 3054 1010 3137 potestas
1032 3049 1205 3135 sapientiae
1228 3049 1352 3116 relucet
1373 3049 1409 3115 in
1432 3055 1501 3117 stu-

449 3153 503 3219 dio
527 3154 587 3218 hac
618 3153 884 3230 consideratione,
910 3150 1066 3218 videlicet
1093 3152 1182 3237 quod
1212 3152 1276 3218 etsi
1302 3152 1387 3218 fiant
1412 3153 1503 3218 utili·

448 3263 535 3326 tates
559 3257 594 3322 in
619 3257 750 3322 ecclesia
780 3263 815 3322 et
844 3255 926 3336 aliis,
958 3261 1072 3323 tamen
1104 3256 1268 3343 quomodo
1295 3267 1330 3322 et
1360 3256 1502 3343 qualiter

448 3361 532 3428 fiant
554 3359 655 3425 habet
677 3359 752 3424 sciri
776 3363 810 3424 et
833 3357 941 3423 doceri
963 3359 999 3424 in
1021 3357 1138 3424 studio.

283 3470 362 3526 who
493 3463 594 3532 Unde
617 3461 764 3526 studium
791 3459 961 3546 sapientiae
987 3459 1090 3526 habet
1120 3459 1201 3526 duas
1230 3464 1340 3547 partes
1351 3485 1360 3543 ;
1390 3483 1500 3542 unam,

282 3541 425 3674 'ng
449 3567 570 3636 scilicet
589 3562 833 3651 speculativam,
849 3566 884 3626 et
907 3561 1006 3627 aliam
1029 3563 1208 3650 practicam
1232 3568 1266 3629 et
1288 3565 1500 3650 operativum.

284 3673 438 3732 naverunt
450 3673 560 3742 Prima
582 3665 765 3734 considerat
789 3664 941 3730 scientias
967 3686 1040 3751 quae
1066 3666 1251 3731 consistunt
1276 3667 1312 3730 in
1338 3666 1406 3732 sola
1430 3689 1501 3753 spe·

285 3739 410 3815 ‘mm'
449 3772 610 3846 amatione
636 3766 796 3835 veritatis
842 3766 919 3831 Alia
948 3789 1023 3855 pars
1053 3767 1213 3854 exprimit
1242 3767 1395 3855 scientias
1426 3791 1500 3855 quae

448 3882 486 3950 in
529 3871 680 3962 operibus
723 3868 923 3934 radicantur.
983 3868 1205 3935 Grammatico
1245 3870 1343 3951 euim,
1384 3870 1499 3957 logica,

449 3976 608 4054 naturalis
652 3971 865 4060 philosophia,
902 3970 1040 4059 vulgata
1080 3972 1314 4059 metaphysica,
1354 3973 1499 4060 quinque

449 4081 592 4159 misntiae
625 4074 877 4154 mathematicae,
908 4078 943 4139 et
983 4073 1093 4160 plures
1130 4074 1204 4141 nliae
1246 4079 1325 4139 sunt
1353 4075 1499 4162 specula-

450 4194 529 4265 tiva
547 4181 735 4257 veritatum,
758 4199 832 4262 quae
850 4198 919 4242 non
940 4177 1127 4243 consistunt
1148 4177 1184 4242 in
1205 4176 1363 4264 operibus.
1410 4177 1500 4258 Qua-

452 4307 527 4371 aar
551 4308 627 4360 vcro
656 4280 801 4350 scientiae
832 4280 1082 4360 mathematicae,
1108 4302 1182 4366 quae
1212 4302 1332 4346 novem
1358 4286 1437 4345 sunt
1463 4281 1498 4346 in

452 4402 611 4476 animno,
642 4393 676 4456 et
713 4383 858 4463 alkimia,
896 4382 1068 4463 medicina,
1108 4383 1241 4448 moralis
1282 4382 1499 4470 philosophia,

452 4506 515 4581 nt)
541 4521 607 4591 qiua
635 4486 870 4577 comprehendo
895 4485 952 4571 jus
982 4485 1087 4565 civile,
1115 4484 1289 4570 theologia,
1321 4507 1396 4551 cum
1421 4485 1499 4571 jure

452 4606 613 4691 μω,
628 4602 663 4666 et
682 4590 795 4660 multae
815 4587 897 4670 aliae,
914 4611 935 4652 a
957 4592 1050 4675 parte
1070 4587 1282 4675 philosophiae
1305 4593 1384 4654 sunt
1406 4610 1498 4676 prae.
