3586 5640
305 758 375 846 xa]
704 776 791 826 orus
813 776 976 827 1111111010
1292 766 1334 830 ls
1431 856 1439 863 ι

306 948 499 1027 lauranum
524 948 665 1034 angulus
688 949 854 1036 hexagoni
878 948 955 1014 tulis
981 956 1031 1015 ost
1056 953 1172 1028 rectus,
1196 953 1231 1014 et
1257 948 1358 1014 tertia

305 1051 386 1115 recti
419 1055 454 1114 et
483 1055 550 1115 tres
588 1049 708 1115 trinae¹
747 1051 956 1117 constituunt
993 1051 1167 1137 integrum.
1224 1049 1270 1114 Et
1299 1073 1358 1115 sex

305 1152 463 1238 trianguli
487 1152 659 1238 regulares,
687 1153 765 1238 quia
795 1153 908 1239 anguli
933 1159 1000 1218 tres
1025 1152 1109 1218 tales
1130 1152 1245 1218 valent
1275 1152 1359 1217 duos

304 1260 409 1319 rectos
436 1254 574 1340 ungulos
586 1278 594 1333 ;
619 1260 653 1318 et
682 1254 739 1318 alii
764 1260 830 1320 tres
857 1255 972 1342 anguli
999 1254 1123 1320 habent
1149 1255 1230 1320 duos
1256 1253 1359 1320 ali0s³

305 1362 410 1421 rectos
421 1381 430 1435 ;
462 1362 496 1420 et
526 1355 600 1421 ideo
631 1378 689 1421 sex
719 1357 833 1443 auguli
864 1357 981 1421 talium
1011 1356 1252 1443 triangulorum
1283 1378 1359 1420 con-

304 1457 432 1543 gregati
471 1457 555 1522 circu
591 1463 750 1543 punctum
768 1527 770 1530 ,
788 1480 892 1523 uuum
925 1459 1054 1545 replent
1082 1459 1189 1524 locum
1221 1458 1358 1544 superii·

304 1559 450 1638 cialiter;
482 1564 517 1624 et
543 1559 744 1646 impossibile
770 1566 821 1625 est
850 1560 940 1646 quod
970 1560 1044 1626 aliae
1068 1562 1183 1646 figuroe
1209 1560 1359 1646 repleant

304 1662 421 1739 locum,
436 1667 475 1726 ut
496 1661 734 1727 demonstratio
755 1662 857 1727 docet.
905 1663 992 1727 Nam
1016 1663 1157 1750 ungulus
1180 1661 1358 1749 pentagoni

304 1762 463 1848 regularis
485 1768 536 1828 est
558 1770 675 1843 rectus,
697 1770 731 1828 et
755 1765 873 1848 quinta
895 1765 997 1844 recti;
1020 1765 1078 1830 sed
1099 1770 1167 1830 tres
1187 1764 1269 1829 tales
1290 1785 1358 1829 non

305 1865 432 1930 faciunt
458 1871 600 1951 quatuor
626 1866 764 1952 ungulos
795 1872 908 1946 rectos,
936 1872 975 1932 ut
1004 1872 1121 1953 patet;
1151 1873 1186 1932 et
1216 1871 1359 1952 quatuor

305 1966 432 2032 faciunt
463 1968 544 2054 plus.
607 1968 653 2032 Et
682 1968 788 2033 multo
818 1968 938 2034 fortius
969 1969 1176 2057 heptagonus
1205 1974 1241 2034 ct
1271 1972 1359 2033 octa·

305 2091 410 2154 genus
440 2091 507 2134 uon
538 2071 713 2156 replebunt
743 2070 858 2135 locum.
915 2070 1107 2157 Corporales
1137 2093 1215 2136 vero
1244 2071 1359 2156 figuras

304 2171 379 2237 duae
413 2173 602 2256 (secuudum
637 2173 725 2258 quod
756 2173 918 2238 Averroe's
956 2175 1095 2260 exponit
1127 2173 1356 2260 Aristotelem)

305 2273 433 2359 replent
453 2274 569 2352 locum,
589 2275 713 2340 scilicet
732 2275 836 2340 cubus
856 2280 891 2340 et
911 2275 1064 2361 pyramis.
1111 2275 1177 2341 Sed
1198 2298 1240 2340 ex
1260 2280 1358 2341 textu

306 2375 496 2441 Aristotelis
519 2376 574 2440 in³
590 2377 710 2442 Latino
733 2399 799 2442 uon
823 2383 931 2463 potest
952 2377 1065 2444 haberi
1085 2378 1257 2458 certitudo,
1280 2378 1359 2463 quia

305 2483 419 2542 textus
455 2478 601 2564 vulgaris
639 2479 739 2544 falsus
777 2484 828 2544 est
858 2485 892 2544 et
922 2480 1006 2545 male
1037 2480 1225 2546 translatus
1280 2480 1358 2546 Alia

305 2579 406 2643 etiam
429 2579 603 2646 translatio
626 2580 727 2645 dubia
749 2587 806 2646 est.
859 2581 995 2668 Replere
1022 2589 1135 2648 autem
1159 2583 1266 2648 locum
1290 2605 1358 2649 cor·
1370 2587 1440 2666 solid
1448 2588 1529 2651 reple·

306 2681 460 2766 poraliter
497 2687 548 2747 est
584 2681 741 2768 implere⁴
770 2688 843 2748 octo
881 2684 1018 2769 angulos
1056 2685 1237 2771 corporales
1274 2685 1358 2751 circa
1369 2654 1462 2789 ἓξὲξ(

306 2787 464 2868 punctum
488 2805 599 2850 unum.
659 2784 746 2864 Quin
774 2784 861 2850 cuim
886 2806 1002 2871 corpus
1031 2785 1133 2851 habet
1163 2788 1282 2852 trinam
1309 2788 1357 2851 di-

305 2885 514 2963 mensionem,
536 2886 572 2950 in
593 2886 738 2972 longum,
757 2886 873 2967 latum,
895 2892 930 2952 ct
952 2886 1159 2972 profundum,
1181 2887 1253 2953 ideo
1276 2889 1357 2952 acci-

306 2986 390 3051 dunt
427 2993 501 3053 octo
541 2989 655 3075 anguli
693 2987 875 3075 corporales
917 2988 1003 3053 circa
1045 2994 1203 3074 punctum
1245 3011 1359 3070 unum,

306 3111 445 3174 quorum
475 3090 616 3175 quilibet
645 3088 715 3155 est⁶
741 3111 784 3154 ex
814 3089 922 3154 tribus
952 3089 1211 3175 superficialibus
1241 3091 1360 3171 rectis3

307 3197 341 3255 et
367 3188 430 3256 sic⁶
455 3192 593 3256 suntin
620 3191 786 3271 universo,
813 3191 936 3278 viginti
967 3197 1108 3279 quatuor
1137 3192 1249 3280 anguli
1279 3193 1360 3258 recti

306 3293 532 3379 superficiales
578 3294 624 3359 Et
647 3300 760 3359 tamen
786 3293 957 3360 duodecim
981 3295 1197 3381 superficiales
1223 3299 1361 3382 possunt

305 3394 414 3460 locum
437 3396 539 3460 istum
562 3396 695 3483 replere,
719 3396 808 3482 quod
831 3396 965 3462 videtur
986 3398 1141 3463 mirabile.

352 3497 418 3562 Sed
440 3498 691 3585 intelligendum
714 3499 802 3584 quod
825 3499 931 3564 omnis
953 3499 1094 3585 angulus
1116 3500 1291 3586 corporalis
1311 3506 1361 3566 est

308 3599 478 3665 extribus
500 3599 733 3686 superficiebus
755 3601 797 3665 ad
821 3601 937 3666 minus.
961 3601 1007 3665 Et
1021 3601 1094 3666 ideo
1110 3602 1137 3665 si
1153 3607 1226 3666 octo
1248 3602 1362 3689 anguli

306 3701 499 3787 corporales,
524 3702 732 3768 abinvicem
756 3702 856 3768 divisi
879 3709 913 3767 et
936 3702 1115 3767 existentes
1139 3703 1173 3766 in
1197 3709 1361 3768 0010001-

306 3802 450 3890 poribus,
467 3809 706 3892 congrcgentur
721 3805 805 3870 circa
819 3810 978 3890 punctum
1000 3826 1112 3881 unum,
1129 3810 1259 3890 oportet
1273 3805 1361 3890 quod

307 3905 376 3970 sint
408 3905 530 3992 viginti
565 3911 706 3992 quatuor
737 3905 850 3992 anguli
881 3905 1100 3992 superficiales
1130 3906 1260 3985 diremi,
1284 3907 1363 3991 quia

307 4006 451 4093 quilibet
474 4008 649 4095 corporalis
671 4007 772 4074 habet
794 4029 870 4072 suos
893 4008 1030 4095 angulos
1056 4013 1123 4073 tres
1146 4007 1291 4073 diversos
1320 4009 1361 4074 ab

305 4110 435 4196 angulis
458 4110 617 4191 aliorum;
640 4115 674 4175 et
696 4115 807 4175 tamen
830 4109 858 4174 si
880 4109 917 4174 in
930 4130 998 4174 uno
1014 4131 1155 4197 corpore,
1171 4111 1360 4192 111111οἓ10,

305 4212 529 4299 intelligamus
552 4219 619 4278 tres
642 4211 746 4278 lineas
768 4211 962 4277 intersecare
985 4233 1019 4276 se
1041 4212 1084 4277 ad
1105 4212 1241 4299 angulos
1255 4219 1361 4280 rectos

340 4435 443 4502 11111111]
462 4436 550 4496 terties,
566 4435 597 4488 B.
608 4435 638 4485 L.
804 4425 805 4429 ¹
892 4434 1021 4502 ⁴r'raplere]
1040 4437 1142 4502 replere,
1160 4437 1191 4488 Τ.

338 4515 417 4565 ²duor
433 4513 507 4581 ulios]
521 4515 582 4565 alios
598 4516 668 4574 duos,
681 4513 710 4563 Τ.
715 4534 723 4576 5
742 4513 804 4565 ulios

304 4596 367 4646 duos
383 4603 465 4646 rectos
480 4593 595 4661 angulos,
612 4594 640 4642 L

339 4672 400 4742 1111]
421 4689 469 4725 om.
488 4673 519 4727 T.
892 4670 960 4738 ‘ric]
980 4686 1028 4722 om.
1046 4671 1077 4726 T.

892 4553 960 4619 'eatJ
979 4570 1027 4604 om.
1046 4553 1077 4605 Τ.
