3586 5640
307 790 377 877 aa]
496 832 500 835 -
693 806 781 856 orus
802 804 961 859 munau
1290 791 1354 854 235

304 990 476 1076 positionis
498 1010 598 1072 quam
628 1011 719 1074 purae
749 990 942 1075 negationis.
990 989 1104 1052 Habet
1126 989 1213 1052 euim
1244 987 1356 1050 multi-

304 1091 387 1156 tudo
411 1090 633 1176 ignorantiam
664 1092 849 1177 negationis
871 1091 912 1156 de
943 1091 1153 1177 perspectiva,
1178 1089 1234 1153 sed
1265 1089 1356 1175 igno-

305 1193 452 1258 rantiam
490 1213 601 1278 pravae
639 1192 861 1279 dispositionis
898 1194 934 1257 in
971 1194 1032 1258 hae
1069 1198 1170 1280 parte,
1211 1213 1285 1277 quae
1322 1191 1357 1254 in

304 1299 438 1360 tantum
476 1293 699 1380 corrumpitur
733 1295 821 1379 quod
858 1316 918 1360 neo
952 1295 1032 1359 scire
1066 1294 1241 1358 veritatem
1275 1291 1359 1371 vult,

305 1418 367 1461 nec
388 1395 503 1460 audire
525 1396 567 1461 de
597 1396 658 1460 hac
688 1394 788 1482 loqui.
851 1397 897 1462 Et
920 1397 997 1462 lieet
1024 1397 1094 1463 haee
1117 1396 1185 1461 sint
1210 1395 1357 1482 puerilia,

305 1497 519 1563 nihilominus
561 1518 630 1562 non
669 1501 748 1562 sunt
789 1499 993 1585 negligenda,
1026 1503 1062 1563 et
1095 1503 1192 1564 tanto
1232 1497 1361 1583 turpior

306 1606 357 1665 est
393 1621 484 1665 error
519 1600 556 1664 in
595 1598 729 1665 senibus
766 1605 801 1665 et
832 1601 912 1666 viris
943 1601 1092 1677 literatis,
1127 1600 1205 1686 quia
1238 1600 1361 1664 debent

306 1723 464 1767 evacuare
494 1702 636 1788 pueriles
666 1722 797 1767 errores.
873 1702 959 1768 Item
982 1702 1148 1789 apostolus
1170 1701 1361 1786 dicitquod

306 1804 434 1898 minora
455 1804 561 1890 magis
582 1804 761 1870 necessaria
783 1808 882 1885 sunt3
917 1809 1018 1889 atque
1039 1809 1079 1869 ut
1100 1804 1150 1868 ait
1172 1802 1359 1888 Scriptura:

307 1905 416 1984 “Qui
447 1906 573 1992 spernit
607 1906 752 1986 minime,
786 1906 946 1993 paulatim
979 1904 1136 1970 decidet.’'
1198 1905 1243 1969 Et
1275 1909 1362 1970 uerte

307 2007 495 2093 ignorantia
531 2007 696 2074 minorum
733 2008 863 2074 inducit
897 2029 1037 2074 errorem
1075 2006 1290 2092 multiplicem
1327 2007 1362 2070 in

309 2109 497 2194 majoribus.
1109 2121 1113 2129 '

353 2213 478 2277 Ponam
510 2211 634 2298 igitur¹
674 2213 728 2278 hic
762 2213 873 2298 aliqua
903 2211 1059 2298 exempla.
1094 2209 1195 2276 Verbi
1230 2210 1339 2299 gratia
1354 2235 1360 2276 :
1375 2237 1504 2290 mances

311 2314 476 2394 Quaelibet
498 2314 599 2379 dictio
629 2314 730 2380 habet
753 2315 950 2380 natmaliter
972 2336 1068 2379 suum
1098 2318 1268 2379 accentum
1290 2305 1511 2422 pro-{533⁸

310 2417 443 2503 prium;
464 2422 500 2481 et
522 2416 661 2482 diversae
684 2417 843 2482 dictiones
865 2417 990 2482 babent
1010 2416 1182 2482 distinctos
1204 2421 1362 2482 aoeentus.
1374 2437 1427 2487 tion
1439 2455 1527 2503 preca·

310 2518 376 2583 Sed
410 2539 470 2583 noe
503 2519 697 2605 proferimus
734 2520 770 2583 in
802 2520 1009 2607 Apoealypsi,
1043 2525 1077 2585 et
1114 2520 1150 2582 in
1183 2519 1297 2597 Esdra,
1328 2523 1363 2584 et
1374 2505 1480 2622 ἓξὲξ..

309 2620 398 2700 alibi,
421 2619 481 2683 hee
510 2620 594 2685 duas
624 2620 791 2702 dictiones,
815 2622 997 2703 Alleluia,
1028 2622 1089 2687 sub
1119 2644 1186 2688 uno
1216 2626 1361 2700 accentu,
1374 2639 1442 2702 days

310 2725 346 2786 et
360 2727 519 2807 tanquam
536 2721 598 2787 siti
613 2746 682 2788 una
699 2725 809 2801 dicti0,
826 2723 982 2790 dicendo⁸
997 2723 1169 2811 Arbaye.
1217 2725 1360 2811 Exque,

310 2824 416 2910 primo
454 2826 675 2911 corrumpitur
711 2827 939 2912 pronuntiatio
969 2848 1134 2891 sacrorum
1165 2828 1362 2907 verborum;

309 2925 451 2991 secundo
484 2926 670 2992 intellectus
700 2927 921 3007 confunditur,
954 2928 1055 2992 immo
1092 2926 1156 2991 fit‘
1192 2951 1259 2993 vox
1295 2951 1362 2993 non

310 3026 549 3114 significativa3
571 3029 651 3114 quia
668 3029 746 3114 jam.
761 3050 829 3094 vox
852 3029 952 3116 periit
971 3053 992 3094 a
1014 3028 1206 3115 significatis
1228 3030 1362 3096 distinc-

310 3130 364 3211 tis,
386 3129 508 3216 quibus
530 3131 690 3197 voeabula
716 3132 976 3220 imponebantur.
1021 3129 1141 3197 Allata
1163 3131 1251 3196 enim
1274 3132 1362 3197 idem

311 3237 361 3296 est
398 3232 488 3318 quod
529 3231 677 3300 aedua.
736 3234 787 3300 Ju
818 3256 897 3301 vero
935 3238 986 3299 est
1022 3255 1126 3298 unum
1173 3235 1214 3299 de
1251 3233 1362 3300 decem

311 3333 498 3398 nominibus
521 3334 594 3414 Dei,
625 3336 710 3401 sicut
732 3336 813 3402 dicit
843 3337 1067 3423 Hieronymus
1089 3335 1132 3401 ad
1162 3335 1362 3419 Marcellum,

311 3440 347 3500 et
369 3435 533 3522 significat
554 3437 754 3503 invisibilem
778 3437 912 3504 Deum.⁶

357 3537 518 3603 Similiter
541 3538 759 3605 Ecclesiastici
784 3541 1032 3629 quadragesimo
1054 3549 1148 3612 sexto
1173 3541 1270 3631 [19.],
1295 3549 1314 3580 “
1326 3543 1361 3608 in

313 3648 330 3676 “
354 3638 520 3706 oblatione
545 3640 611 3704 viri
633 3639 839 3724 immolati‚''
861 3665 920 3730 pro
942 3643 1107 3713 inuiolati
1118 3670 1132 3726 ;
1157 3646 1360 3732 conjungun-

313 3748 368 3807 tur
390 3738 501 3807 enim⁶
522 3763 543 3807 u
559 3747 593 3807 et
608 3741 625 3808 ι’
639 3744 675 3807 in
690 3767 790 3809 unam
811 3745 940 3811 literam
955 3768 1000 3826 m,
1017 3753 1051 3814 et
1066 3749 1187 3836 duplex
1209 3753 1361 3813 accentus

312 3843 517 3908 convertitur
531 3837 567 3908 in
581 3865 692 3912 unum.
738 3847 906 3927 Similiter,
922 3872 941 3915 e
956 3871 1119 3930 converso,
1135 3852 1178 3916 de
1193 3873 1259 3917 uno
1274 3852 1362 3916 fiunt

312 3946 387 4024 duo,
403 3952 443 4010 ut
459 3945 639 4012 Ezechielis
652 3949 807 4016 vicesimo
822 3953 928 4038 primo
946 3952 1029 4041 [28]
1045 3979 1053 4018 :
1079 3961 1097 3992 “
1111 3955 1234 4033 Macro,
1250 3976 1361 4020 mucro

314 4055 332 4084 ‘⁴
355 4047 503 4133 evagina
527 4047 604 4127 te,'’⁷
629 4072 688 4138 pro
720 4053 906 4139 coagulato,
921 4058 1009 4141 quod
1030 4062 1080 4124 est
1097 4059 1242 4124 vocativi
1262 4081 1362 4136 casus,

313 4155 353 4215 ut
375 4155 468 4236 patet
489 4173 532 4217 ex
555 4151 678 4233 Graeco,
701 4160 735 4221 et
756 4156 909 4239 Hebraeo,
931 4162 967 4224 et
988 4160 1249 4248 expositionibus
1272 4182 1362 4226 sanc-

348 4497 522 4646 lisgpgurgmon'p
539 4504 570 4556 Τ.
897 4506 1011 4617 :Deum]
1031 4510 1136 4640 Hielron.
1149 4507 1194 4576 Ep
1206 4526 1268 4564 xxv,

346 4621 482 4806 illim
495 4621 618 4792 penus
629 4663 661 4716 n.
898 4589 1070 4735 ’‘adalindb']
1089 4627 1229 4738 {mnia
1240 4668 1272 4723 n.

430 4755 478 4792 om.
519 4780 526 4795 .
