3586 5640
612 792 699 842 orus
719 793 838 843 muns
1184 780 1251 844 388

203 967 248 1032 Et
270 965 331 1032 hoo
348 970 400 1032 est
418 962 540 1032 ferrum
560 965 777 1030 communiter
791 969 953 1044 vocatum,
969 966 1056 1031 unde
1073 965 1160 1032 fiunt
1179 972 1256 1031 tan·

201 1074 274 1134 tum
292 1069 511 1133 instrumenta
532 1052 646 1145 ferrea]
661 1086 735 1152 quae
755 1067 877 1132 debent
898 1067 1074 1153 perdurare
1096 1069 1133 1132 in
1155 1069 1256 1133 variis

200 1171 468 1258 percussionibus
501 1170 603 1235 Aliud
623 1190 726 1255 genus
750 1169 829 1234 lerri
851 1169 957 1255 magis
977 1175 1028 1235 est
1049 1170 1092 1234 ad
1113 1169 1256 1235 acutiam

203 1277 237 1337 et
251 1273 445 1350 scissionem,
461 1276 501 1337 ut
515 1271 658 1356 chalybs,
672 1276 707 1336 et
721 1271 772 1336 est
786 1271 901 1358 purius
917 1293 1016 1357 quam
1031 1271 1154 1337 ferrum
1169 1292 1255 1337 com·

203 1394 321 1455 mune3
344 1379 380 1439 et
401 1374 506 1460 magis
536 1372 661 1437 habam
692 1372 733 1438 de
763 1373 869 1439 calore
881 1398 890 1454 ;
913 1377 947 1439 et
970 1374 1044 1438 ideo
1066 1374 1177 1460 aptius
1205 1378 1257 1439 est

202 1477 246 1541 ad
268 1475 454 1542 scissionem
477 1477 512 1541 at
542 1494 688 1555 acumen,
719 1476 899 1540 secundum
929 1476 1149 1553 Avioennam,
1167 1475 1256 1561 quod

202 1597 270 1642 non
292 1582 343 1643 est
364 1578 414 1643 ita
435 1575 565 1653 ductils,
588 1595 649 1640 neo
678 1574 728 1640 ita
757 1576 949 1654 malleabile,
984 1596 1044 1642 neo
1074 1578 1118 1642 ad
1141 1597 1255 1663 percu-

202 1679 352 1744 tiendum
374 1679 428 1744 vel
450 1678 679 1743 sustinendum
700 1678 817 1743 babile.
864 1678 909 1742 Et
932 1679 1069 1744 tertium
1092 1683 1143 1743 est
1166 1678 1256 1763 quod

203 1786 339 1846 vocatur
353 1780 515 1860 Aedem,
532 1778 624 1864 cujus
638 1780 743 1844 rarior
764 1784 815 1844 est
829 1799 908 1844 usus
930 1779 1017 1866 apud
1042 1780 1198 1859 Latinos3
1220 1781 1257 1843 in

201 1881 263 1947 hoc
285 1882 504 1948 contrariatur
525 1879 610 1946 ferro
633 1881 806 1959 communi,
832 1882 920 1966 quod
940 1881 1063 1946 ferrum
1086 1902 1257 1947 commune

202 2004 269 2047 non
307 1984 439 2049 ducitur
468 2004 528 2049 nec
550 1982 723 2048 malleatur
745 1981 809 2048 nisi
840 1983 983 2048 multum
1005 1983 1089 2048 bene
1119 1983 1256 2049 calefiat

203 2079 344 2151 Andena
364 2107 443 2151 vero
474 2106 492 2150 c
526 2104 681 2150 converso
705 2105 810 2150 unum
843 2085 919 2150 vult
950 2105 1066 2170 parum
1089 2083 1256 2150 calefieri¹

202 2186 288 2252 sicut
310 2192 492 2274 argentum,
516 2192 678 2272 quatenus
700 2187 876 2263 mollietur,
900 2207 960 2251 neo
989 2190 1039 2250 est
1062 2186 1111 2250 ita
1141 2191 1256 2271 aptum

203 2288 245 2352 ad
268 2289 454 2354 scissionem
476 2288 561 2353 sicut
584 2287 719 2373 chalybs
731 2311 739 2368 ;
762 2288 820 2353 sed
843 2292 894 2353 est
917 2287 1025 2353 medio
1048 2285 1146 2352 modo
1168 2287 1257 2352 inter

202 2388 323 2456 ferrum
346 2412 516 2457 commune
539 2395 574 2454 et
590 2389 769 2475 chalybem,
785 2411 862 2455 nam
877 2388 995 2455 melius
1015 2390 1136 2456 scindit
1155 2409 1254 2475 quam

201 2492 323 2558 ferrum
346 2515 531 2572 commune;
555 2497 590 2557 et
614 2492 728 2556 mitius
751 2493 833 2557 bene
855 2512 953 2578 quam
977 2491 1119 2578 chalybs.
1164 2491 1252 2556 Item

203 2595 319 2661 melius
356 2603 406 2662 est
447 2595 489 2661 sd
527 2594 755 2660 sustinendum
792 2598 827 2660 et
864 2593 1113 2681 percutiendum
1151 2614 1250 2680 quam

203 2696 344 2781 chalybs,
368 2698 424 2762 sed
446 2697 568 2762 ferrum
591 2717 762 2761 commune
785 2696 815 2760 ei
838 2695 996 2782 praevalet
1022 2698 1058 2761 in
1080 2696 1159 2762 istis.
1207 2696 1252 2760 Et

203 2797 325 2863 ferrum
355 2820 525 2864 commune
558 2798 662 2862 levius
685 2798 793 2862 estin
815 2797 957 2882 pondere
987 2819 1086 2883 quam
1116 2797 1252 2882 chalybs

204 2905 238 2964 et
259 2900 394 2965 andana
440 2899 485 2964 Et
508 2899 580 2964 ideo
603 2898 719 2963 melius
742 2897 886 2962 trahitur
907 2919 928 2960 a
949 2903 1108 2983 magnete.

248 3000 294 3065 Et
330 3003 391 3067 hoc
427 3004 477 3065 est
516 3000 711 3064 miraculum
748 3003 877 3063 naturae
914 2999 950 3062 in
987 3003 1081 3084 parte
1118 3002 1250 3062 notum·
1243 3025 1351 3080 ,Orthe

202 3103 332 3180 scilicet,
364 3103 453 3187 quod
489 3101 610 3165 fenum
639 3101 789 3186 sequitur
818 3105 944 3186 partem
979 3103 1112 3185 magnet
1112 3100 1140 3164 is
1177 3119 1296 3210 quae
1264 3099 1420 3159 namatus

202 3203 316 3290 tetigit
346 3205 461 3289 ipsum,
485 3206 520 3266 et
548 3201 685 3266 alteram
720 3205 848 3287 partem
877 3201 964 3288 fugit
994 3201 1139 3288 ejusdem
1161 3221 1251 3288 mag-
1238 3158 1408 3279 -lffimpe'

203 3306 295 3369 netis.
346 3304 392 3368 Et
422 3303 585 3368 convertit
616 3323 650 3367 se
681 3307 756 3388 post
789 3307 917 3368 motum
943 3303 986 3368 ad
1018 3309 1145 3390 partem
1179 3303 1258 3369 coeli

203 3405 400 3471 conformem
461 3404 550 3490 parti
612 3404 783 3490 magnetis,
834 3424 908 3489 quus
956 3406 1078 3472 ferrum
1131 3406 1252 3493 tetigit

203 3507 292 3573 Nam
322 3528 381 3593 pro
414 3511 503 3571 certo
534 3508 676 3590 quatuor
704 3509 815 3592 partes
852 3508 967 3572 mundi
1003 3507 1254 3595 distinguuntur

204 3611 240 3674 in
277 3611 439 3695 magnete,
473 3607 595 3672 scilicet
636 3608 752 3684 oriens,
795 3607 951 3686 occidens,
990 3611 1180 3696 septentrio,
1218 3614 1254 3673 et

202 3711 355 3778 meridies
367 3735 375 3791 ;
398 3715 432 3776 et
453 3714 591 3797 possunt
620 3728 678 3796 per
700 3710 938 3795 experientiam
960 3713 1118 3797 cognosci,
1141 3731 1253 3776 secun·

203 3815 282 3879 dum
316 3813 403 3898 quod
433 3811 518 3877 bene
548 3811 745 3898 exprimitur
782 3811 825 3875 ad
863 3833 961 3897 quam
1007 3818 1134 3900 partem
1179 3813 1253 3879 coeli

203 3915 359 4001 quaelibet
389 3935 463 4001 pars
493 3913 608 3978 tendit.
656 3912 702 3976 Et
731 3919 811 3978 tunc
841 3915 869 3978 si
892 3937 913 3978 a
934 3921 1029 4001 parts
1059 3915 1252 4002 septentrio·

203 4016 271 4080 nali
294 4017 458 4103 magnetis
481 4019 640 4102 tangatur
662 4013 784 4079 ferrum
815 4021 971 4101 sequetur
1002 4016 1093 4081 illam
1123 4022 1252 4103 partem

203 4118 482 4203 qualitercumque
527 4121 677 4196 meatur3
715 4117 837 4182 scilicet
870 4139 999 4183 sursum
1036 4123 1096 4184 aut
1133 4123 1252 4184 retror-

202 4240 283 4298 sum,
318 4220 533 4296 dextrorsum,
568 4219 807 4301 sinistrorsum
845 4224 879 4286 et
908 4221 1085 4286 secundum
1123 4239 1253 4286 omnem

202 4320 420 4385 differentiam
446 4321 624 4408 positionis
671 4321 717 4387 Et
739 4323 775 4386 in
797 4325 931 4388 tantum
953 4323 1089 4410 rapitur,
1114 4322 1201 4409 quod
1224 4323 1258 4389 εἰ

201 4422 324 4488 ferrum
346 4429 488 4511 ponatur
510 4425 547 4489 in
568 4445 647 4490 vase
668 4425 765 4513 pleno
788 4446 891 4512 aquae,
914 4430 949 4491 et
971 4447 1088 4492 manus
1109 4431 1253 4514 ponatur

555 4646 694 4714 ιωιφιω]
712 4648 922 4710 accessus
967 4643 969 4646 ·
