<?xml version="1.0" encoding="UTF-8"?>
<!DOCTYPE html PUBLIC "-//W3C//DTD XHTML 1.0 Transitional//EN"
    "http://www.w3.org/TR/xhtml1/DTD/xhtml1-transitional.dtd">
<html xmlns="http://www.w3.org/1999/xhtml" xml:lang="en" lang="en">
 <head>
  <title>
</title>
<meta http-equiv="Content-Type" content="text/html;charset=utf-8" />
  <meta name='ocr-system' content='tesseract 3.04.00' />
  <meta name='ocr-capabilities' content='ocr_page ocr_carea ocr_par ocr_line ocrx_word'/>
</head>
<body>
  <div class='ocr_page' id='page_1' title='image "./operaqudamhacte00bacogoog/operaqudamhacte00bacogoog_0180.png"; bbox 0 0 3586 5640; ppageno 0'>
   <div class='ocr_carea' id='block_1_1' title="bbox 454 744 1500 839">
    <p class='ocr_par' dir='ltr' id='par_1_1' title="bbox 454 744 1500 839">
     <span class='ocr_line' id='line_1_1' title="bbox 454 744 1500 839; baseline 0.011 -32"><span class='ocrx_word' id='word_1_1' title='bbox 454 744 497 807; x_wconf 77' lang='lat' dir='ltr'><strong>ts</strong></span> <span class='ocrx_word' id='word_1_2' title='bbox 825 760 956 811; x_wconf 80' lang='lat' dir='ltr'><strong>uocum</strong></span> <span class='ocrx_word' id='word_1_3' title='bbox 979 760 1126 812; x_wconf 81' lang='lat' dir='ltr'><strong>nncoms</strong></span> <span class='ocrx_word' id='word_1_4' title='bbox 1413 753 1500 839; x_wconf 78' lang='lat' dir='ltr'><strong>[css.</strong></span> 
     </span>
    </p>
   </div>
   <div class='ocr_carea' id='block_1_2' title="bbox 283 930 1497 1018">
    <p class='ocr_par' dir='ltr' id='par_1_2' title="bbox 283 930 1497 1018">
     <span class='ocr_line' id='line_1_2' title="bbox 283 930 1497 1018; baseline 0.007 -24"><span class='ocrx_word' id='word_1_5' title='bbox 283 951 397 1018; x_wconf 68' lang='lat' dir='ltr'><strong>learning</strong></span> <span class='ocrx_word' id='word_1_6' title='bbox 450 930 620 995; x_wconf 89' lang='lat' dir='ltr'><strong>rationalis</strong></span> <span class='ocrx_word' id='word_1_7' title='bbox 650 952 708 1016; x_wconf 91' lang='lat' dir='ltr'><strong>per</strong></span> <span class='ocrx_word' id='word_1_8' title='bbox 730 931 800 1012; x_wconf 91' lang='lat' dir='ltr'><strong>hoc,</strong></span> <span class='ocrx_word' id='word_1_9' title='bbox 823 933 911 1018; x_wconf 90' lang='lat' dir='ltr'><strong>quod</strong></span> <span class='ocrx_word' id='word_1_10' title='bbox 940 954 1007 998; x_wconf 90' lang='lat' dir='ltr'><strong>non</strong></span> <span class='ocrx_word' id='word_1_11' title='bbox 1039 935 1231 1000; x_wconf 77' lang='lat' dir='ltr'>debilitatur</span> <span class='ocrx_word' id='word_1_12' title='bbox 1254 936 1497 1004; x_wconf 88' lang='lat' dir='ltr'><strong>debilitatione¹</strong></span> 
     </span>
    </p>
   </div>
   <div class='ocr_carea' id='block_1_3' title="bbox 283 1101 376 1151">
    <p class='ocr_par' dir='ltr' id='par_1_3' title="bbox 283 1101 376 1151">
     <span class='ocr_line' id='line_1_3' title="bbox 283 1101 376 1151; baseline 0.032 -17"><span class='ocrx_word' id='word_1_13' title='bbox 283 1101 376 1151; x_wconf 77' lang='lat' dir='ltr'><strong>young.</strong></span> 
     </span>
    </p>
   </div>
   <div class='ocr_carea' id='block_1_4' title="bbox 283 1018 1501 1125">
    <p class='ocr_par' dir='ltr' id='par_1_4' title="bbox 283 1018 1501 1125">
     <span class='ocr_line' id='line_1_4' title="bbox 283 1018 1501 1125; baseline 0.01 -34"><span class='ocrx_word' id='word_1_14' title='bbox 283 1018 396 1072; x_wconf 74' lang='lat' dir='ltr'><strong>thanne</strong></span> <span class='ocrx_word' id='word_1_15' title='bbox 448 1033 599 1118; x_wconf 86' lang='lat' dir='ltr'><strong>corporis,</strong></span> <span class='ocrx_word' id='word_1_16' title='bbox 623 1033 706 1098; x_wconf 87' lang='lat' dir='ltr'><strong>sicut</strong></span> <span class='ocrx_word' id='word_1_17' title='bbox 735 1034 845 1098; x_wconf 87' lang='lat' dir='ltr'><strong>anima</strong></span> <span class='ocrx_word' id='word_1_18' title='bbox 867 1034 1033 1114; x_wconf 81' lang='lat' dir='ltr'><strong>sensitiva,</strong></span> <span class='ocrx_word' id='word_1_19' title='bbox 1066 1036 1167 1102; x_wconf 89' lang='lat' dir='ltr'><strong>immo</strong></span> <span class='ocrx_word' id='word_1_20' title='bbox 1197 1036 1367 1123; x_wconf 87' lang='lat' dir='ltr'><strong>vigoratur</strong></span> <span class='ocrx_word' id='word_1_21' title='bbox 1395 1041 1501 1125; x_wconf 85' lang='lat' dir='ltr'><strong>magis</strong></span> 
     </span>
    </p>
   </div>
   <div class='ocr_carea' id='block_1_5' title="bbox 442 1134 1500 4056">
    <p class='ocr_par' dir='ltr' id='par_1_5' title="bbox 442 1134 1500 4056">
     <span class='ocr_line' id='line_1_5' title="bbox 449 1134 1499 1215; baseline 0.007 -18"><span class='ocrx_word' id='word_1_22' title='bbox 449 1134 485 1198; x_wconf 91' lang='lat' dir='ltr'><strong>in</strong></span> <span class='ocrx_word' id='word_1_23' title='bbox 514 1135 626 1215; x_wconf 87' lang='lat' dir='ltr'><strong>senio;</strong></span> <span class='ocrx_word' id='word_1_24' title='bbox 657 1139 692 1200; x_wconf 90' lang='lat' dir='ltr'><strong>et</strong></span> <span class='ocrx_word' id='word_1_25' title='bbox 726 1135 787 1200; x_wconf 91' lang='lat' dir='ltr'><strong>hoc</strong></span> <span class='ocrx_word' id='word_1_26' title='bbox 817 1135 911 1200; x_wconf 86' lang='lat' dir='ltr'><strong>docet</strong></span> <span class='ocrx_word' id='word_1_27' title='bbox 943 1135 1071 1201; x_wconf 84' lang='lat' dir='ltr'><strong>Tullius</strong></span> <span class='ocrx_word' id='word_1_28' title='bbox 1110 1137 1195 1203; x_wconf 91' lang='lat' dir='ltr'><strong>libro</strong></span> <span class='ocrx_word' id='word_1_29' title='bbox 1229 1138 1270 1203; x_wconf 88' lang='lat' dir='ltr'><strong>de</strong></span> <span class='ocrx_word' id='word_1_30' title='bbox 1300 1137 1499 1206; x_wconf 70' lang='lat' dir='ltr'><strong>Senectute.2</strong></span> 
     </span>
     <span class='ocr_line' id='line_1_6' title="bbox 449 1235 1499 1326; baseline 0.004 -26"><span class='ocrx_word' id='word_1_31' title='bbox 449 1235 538 1300; x_wconf 91' lang='lat' dir='ltr'><strong>Nam</strong></span> <span class='ocrx_word' id='word_1_32' title='bbox 574 1235 611 1300; x_wconf 91' lang='lat' dir='ltr'><strong>in</strong></span> <span class='ocrx_word' id='word_1_33' title='bbox 647 1235 794 1322; x_wconf 75' lang='lat' dir='ltr'><strong>antiquis</strong></span> <span class='ocrx_word' id='word_1_34' title='bbox 831 1243 882 1303; x_wconf 88' lang='lat' dir='ltr'><strong>est</strong></span> <span class='ocrx_word' id='word_1_35' title='bbox 918 1238 1087 1324; x_wconf 87' lang='lat' dir='ltr'><strong>sapientia,</strong></span> <span class='ocrx_word' id='word_1_36' title='bbox 1126 1244 1165 1305; x_wconf 91' lang='lat' dir='ltr'><strong>ut</strong></span> <span class='ocrx_word' id='word_1_37' title='bbox 1204 1238 1286 1304; x_wconf 92' lang='lat' dir='ltr'><strong>dicit</strong></span> <span class='ocrx_word' id='word_1_38' title='bbox 1331 1240 1499 1326; x_wconf 88' lang='lat' dir='ltr'><strong>scriptura.</strong></span> 
     </span>
     <span class='ocr_line' id='line_1_7' title="bbox 449 1338 1499 1417; baseline 0.004 -14"><span class='ocrx_word' id='word_1_39' title='bbox 449 1338 494 1403; x_wconf 88' lang='lat' dir='ltr'><strong>Et</strong></span> <span class='ocrx_word' id='word_1_40' title='bbox 524 1339 584 1404; x_wconf 91' lang='lat' dir='ltr'><strong>hoc</strong></span> <span class='ocrx_word' id='word_1_41' title='bbox 613 1345 665 1404; x_wconf 83' lang='lat' dir='ltr'><strong>est</strong></span> <span class='ocrx_word' id='word_1_42' title='bbox 692 1359 808 1404; x_wconf 87' lang='lat' dir='ltr'><strong>verum</strong></span> <span class='ocrx_word' id='word_1_43' title='bbox 845 1339 1082 1417; x_wconf 83' lang='lat' dir='ltr'><strong>universaliter,</strong></span> <span class='ocrx_word' id='word_1_44' title='bbox 1113 1341 1193 1407; x_wconf 91' lang='lat' dir='ltr'><strong>dum</strong></span> <span class='ocrx_word' id='word_1_45' title='bbox 1230 1345 1378 1407; x_wconf 90' lang='lat' dir='ltr'><strong>senectus</strong></span> <span class='ocrx_word' id='word_1_46' title='bbox 1407 1347 1499 1407; x_wconf 87' lang='lat' dir='ltr'><strong>tenet</strong></span> 
     </span>
     <span class='ocr_line' id='line_1_8' title="bbox 448 1438 1497 1529; baseline 0.003 -24"><span class='ocrx_word' id='word_1_47' title='bbox 448 1439 519 1505; x_wconf 91' lang='lat' dir='ltr'><strong>vias</strong></span> <span class='ocrx_word' id='word_1_48' title='bbox 549 1440 723 1529; x_wconf 72' lang='lat' dir='ltr'><strong>naturales</strong></span> <span class='ocrx_word' id='word_1_49' title='bbox 792 1438 858 1506; x_wconf 82' lang='lat' dir='ltr'><strong>Sed</strong></span> <span class='ocrx_word' id='word_1_50' title='bbox 888 1439 1064 1527; x_wconf 86' lang='lat' dir='ltr'><strong>aliquando</strong></span> <span class='ocrx_word' id='word_1_51' title='bbox 1094 1441 1259 1528; x_wconf 90' lang='lat' dir='ltr'><strong>contingit</strong></span> <span class='ocrx_word' id='word_1_52' title='bbox 1289 1441 1379 1528; x_wconf 91' lang='lat' dir='ltr'><strong>quod</strong></span> <span class='ocrx_word' id='word_1_53' title='bbox 1408 1442 1497 1509; x_wconf 86' lang='lat' dir='ltr'><strong>laesio</strong></span> 
     </span>
     <span class='ocr_line' id='line_1_9' title="bbox 449 1540 1499 1630; baseline 0.006 -25"><span class='ocrx_word' id='word_1_54' title='bbox 449 1563 644 1630; x_wconf 85' lang='lat' dir='ltr'><strong>organorum</strong></span> <span class='ocrx_word' id='word_1_55' title='bbox 681 1547 716 1610; x_wconf 91' lang='lat' dir='ltr'><strong>et</strong></span> <span class='ocrx_word' id='word_1_56' title='bbox 745 1540 928 1607; x_wconf 81' lang='lat' dir='ltr'><strong>virtutum³</strong></span> <span class='ocrx_word' id='word_1_57' title='bbox 964 1541 1083 1609; x_wconf 89' lang='lat' dir='ltr'><strong>animae</strong></span> <span class='ocrx_word' id='word_1_58' title='bbox 1113 1543 1239 1610; x_wconf 88' lang='lat' dir='ltr'><strong>accidat</strong></span> <span class='ocrx_word' id='word_1_59' title='bbox 1268 1544 1499 1611; x_wconf 85' lang='lat' dir='ltr'><strong>innaturaliter</strong></span> 
     </span>
     <span class='ocr_line' id='line_1_10' title="bbox 448 1642 1500 1731; baseline 0.003 -22"><span class='ocrx_word' id='word_1_60' title='bbox 448 1650 581 1731; x_wconf 87' lang='lat' dir='ltr'><strong>propter</strong></span> <span class='ocrx_word' id='word_1_61' title='bbox 617 1642 779 1710; x_wconf 86' lang='lat' dir='ltr'><strong>defectum</strong></span> <span class='ocrx_word' id='word_1_62' title='bbox 816 1643 985 1731; x_wconf 85' lang='lat' dir='ltr'><strong>regiminis</strong></span> <span class='ocrx_word' id='word_1_63' title='bbox 1022 1644 1183 1723; x_wconf 88' lang='lat' dir='ltr'><strong>sanitatis,</strong></span> <span class='ocrx_word' id='word_1_64' title='bbox 1222 1651 1257 1712; x_wconf 90' lang='lat' dir='ltr'><strong>et</strong></span> <span class='ocrx_word' id='word_1_65' title='bbox 1293 1651 1374 1712; x_wconf 92' lang='lat' dir='ltr'><strong>tunc</strong></span> <span class='ocrx_word' id='word_1_66' title='bbox 1409 1669 1500 1712; x_wconf 89' lang='lat' dir='ltr'><strong>senes</strong></span> 
     </span>
     <span class='ocr_line' id='line_1_11' title="bbox 448 1745 1500 1834; baseline 0.004 -24"><span class='ocrx_word' id='word_1_67' title='bbox 448 1747 597 1812; x_wconf 85' lang='lat' dir='ltr'><strong>delirant</strong></span> <span class='ocrx_word' id='word_1_68' title='bbox 658 1745 728 1813; x_wconf 84' lang='lat' dir='ltr'><strong>Nec</strong></span> <span class='ocrx_word' id='word_1_69' title='bbox 765 1745 894 1824; x_wconf 89' lang='lat' dir='ltr'><strong>mirum,</strong></span> <span class='ocrx_word' id='word_1_70' title='bbox 925 1767 1000 1811; x_wconf 90' lang='lat' dir='ltr'><strong>cum</strong></span> <span class='ocrx_word' id='word_1_71' title='bbox 1038 1752 1171 1834; x_wconf 90' lang='lat' dir='ltr'><strong>propter</strong></span> <span class='ocrx_word' id='word_1_72' title='bbox 1207 1747 1408 1814; x_wconf 80' lang='lat' dir='ltr'><strong>consimilem</strong></span> <span class='ocrx_word' id='word_1_73' title='bbox 1446 1750 1500 1814; x_wconf 89' lang='lat' dir='ltr'><strong>de-</strong></span> 
     </span>
     <span class='ocr_line' id='line_1_12' title="bbox 449 1846 1498 1936; baseline 0.004 -24"><span class='ocrx_word' id='word_1_74' title='bbox 449 1847 591 1914; x_wconf 84' lang='lat' dir='ltr'><strong>fectum‘</strong></span> <span class='ocrx_word' id='word_1_75' title='bbox 623 1847 792 1936; x_wconf 87' lang='lat' dir='ltr'><strong>regiminis</strong></span> <span class='ocrx_word' id='word_1_76' title='bbox 821 1846 974 1913; x_wconf 88' lang='lat' dir='ltr'><strong>sanitatis</strong></span> <span class='ocrx_word' id='word_1_77' title='bbox 1007 1846 1146 1933; x_wconf 87' lang='lat' dir='ltr'><strong>juvenes</strong></span> <span class='ocrx_word' id='word_1_78' title='bbox 1183 1849 1269 1916; x_wconf 90' lang='lat' dir='ltr'><strong>fiunt</strong></span> <span class='ocrx_word' id='word_1_79' title='bbox 1306 1851 1498 1929; x_wconf 85' lang='lat' dir='ltr'><strong>multotiens</strong></span> 
     </span>
     <span class='ocr_line' id='line_1_13' title="bbox 448 1946 1498 2038; baseline 0.003 -22"><span class='ocrx_word' id='word_1_80' title='bbox 448 1950 630 2037; x_wconf 82' lang='lat' dir='ltr'><strong>phrenetici</strong></span> <span class='ocrx_word' id='word_1_81' title='bbox 651 1954 686 2016; x_wconf 89' lang='lat' dir='ltr'><strong>et</strong></span> <span class='ocrx_word' id='word_1_82' title='bbox 705 1946 837 2016; x_wconf 82' lang='lat' dir='ltr'><strong>stolidi⁶</strong></span> <span class='ocrx_word' id='word_1_83' title='bbox 859 1954 894 2014; x_wconf 90' lang='lat' dir='ltr'><strong>et</strong></span> <span class='ocrx_word' id='word_1_84' title='bbox 913 1949 1021 2015; x_wconf 87' lang='lat' dir='ltr'><strong>insani</strong></span> <span class='ocrx_word' id='word_1_85' title='bbox 1028 1974 1037 2030; x_wconf 85' lang='lat'><em>3</em></span> <span class='ocrx_word' id='word_1_86' title='bbox 1060 1956 1095 2017; x_wconf 89' lang='lat' dir='ltr'><strong>et</strong></span> <span class='ocrx_word' id='word_1_87' title='bbox 1118 1951 1240 2038; x_wconf 88' lang='lat' dir='ltr'><strong>pluries</strong></span> <span class='ocrx_word' id='word_1_88' title='bbox 1263 1953 1414 2018; x_wconf 89' lang='lat' dir='ltr'><strong>videmus</strong></span> <span class='ocrx_word' id='word_1_89' title='bbox 1437 1955 1498 2019; x_wconf 92' lang='lat' dir='ltr'><strong>hoc</strong></span> 
     </span>
     <span class='ocr_line' id='line_1_14' title="bbox 447 2050 1499 2143; baseline 0.003 -26"><span class='ocrx_word' id='word_1_90' title='bbox 447 2053 484 2118; x_wconf 93' lang='lat' dir='ltr'><strong>in</strong></span> <span class='ocrx_word' id='word_1_91' title='bbox 509 2053 689 2140; x_wconf 86' lang='lat' dir='ltr'><strong>juvenibus</strong></span> <span class='ocrx_word' id='word_1_92' title='bbox 719 2072 818 2138; x_wconf 80' lang='lat' dir='ltr'><strong>quam</strong></span> <span class='ocrx_word' id='word_1_93' title='bbox 847 2050 885 2119; x_wconf 88' lang='lat' dir='ltr'><strong>in</strong></span> <span class='ocrx_word' id='word_1_94' title='bbox 914 2051 1074 2133; x_wconf 81' lang='lat' dir='ltr'><strong>senibus3</strong></span> <span class='ocrx_word' id='word_1_95' title='bbox 1103 2053 1183 2140; x_wconf 87' lang='lat' dir='ltr'><strong>quia</strong></span> <span class='ocrx_word' id='word_1_96' title='bbox 1216 2053 1357 2140; x_wconf 87' lang='lat' dir='ltr'><strong>juvenes</strong></span> <span class='ocrx_word' id='word_1_97' title='bbox 1394 2057 1499 2143; x_wconf 83' lang='lat' dir='ltr'><strong>magis</strong></span> 
     </span>
     <span class='ocr_line' id='line_1_15' title="bbox 446 2151 1497 2243; baseline 0.002 -22"><span class='ocrx_word' id='word_1_98' title='bbox 446 2156 611 2221; x_wconf 85' lang='lat' dir='ltr'><strong>excedunt</strong></span> <span class='ocrx_word' id='word_1_99' title='bbox 631 2151 858 2240; x_wconf 87' lang='lat' dir='ltr'><strong>multipliciter</strong></span> <span class='ocrx_word' id='word_1_100' title='bbox 880 2153 916 2218; x_wconf 92' lang='lat' dir='ltr'><strong>in</strong></span> <span class='ocrx_word' id='word_1_101' title='bbox 938 2154 1017 2221; x_wconf 86' lang='lat' dir='ltr'><strong>vita</strong></span> <span class='ocrx_word' id='word_1_102' title='bbox 1064 2154 1156 2225; x_wconf 84' lang='lat' dir='ltr'><strong>Sciat</strong></span> <span class='ocrx_word' id='word_1_103' title='bbox 1187 2155 1291 2243; x_wconf 87' lang='lat' dir='ltr'><strong>igitur</strong></span> <span class='ocrx_word' id='word_1_104' title='bbox 1320 2178 1379 2243; x_wconf 88' lang='lat' dir='ltr'><strong>pro</strong></span> <span class='ocrx_word' id='word_1_105' title='bbox 1409 2163 1497 2223; x_wconf 86' lang='lat' dir='ltr'><strong>certo</strong></span> 
     </span>
     <span class='ocr_line' id='line_1_16' title="bbox 444 2255 1497 2344; baseline 0.002 -23"><span class='ocrx_word' id='word_1_106' title='bbox 444 2264 555 2324; x_wconf 87' lang='lat' dir='ltr'><strong>vestra</strong></span> <span class='ocrx_word' id='word_1_107' title='bbox 577 2255 746 2344; x_wconf 90' lang='lat' dir='ltr'><strong>sapientia,</strong></span> <span class='ocrx_word' id='word_1_108' title='bbox 770 2255 859 2341; x_wconf 92' lang='lat' dir='ltr'><strong>quod</strong></span> <span class='ocrx_word' id='word_1_109' title='bbox 882 2256 911 2320; x_wconf 89' lang='lat' dir='ltr'><strong>si</strong></span> <span class='ocrx_word' id='word_1_110' title='bbox 935 2278 1028 2322; x_wconf 87' lang='lat' dir='ltr'><strong>senes</strong></span> <span class='ocrx_word' id='word_1_111' title='bbox 1050 2257 1217 2324; x_wconf 88' lang='lat' dir='ltr'><strong>confidant</strong></span> <span class='ocrx_word' id='word_1_112' title='bbox 1239 2264 1275 2324; x_wconf 90' lang='lat' dir='ltr'><strong>et</strong></span> <span class='ocrx_word' id='word_1_113' title='bbox 1296 2258 1403 2325; x_wconf 88' lang='lat' dir='ltr'><strong>velint</strong></span> <span class='ocrx_word' id='word_1_114' title='bbox 1429 2281 1497 2325; x_wconf 81' lang='lat' dir='ltr'><strong>esse</strong></span> 
     </span>
     <span class='ocr_line' id='line_1_17' title="bbox 444 2355 1497 2447; baseline 0.001 -22"><span class='ocrx_word' id='word_1_115' title='bbox 444 2359 624 2446; x_wconf 79' lang='lat' dir='ltr'><strong>diligentes,</strong></span> <span class='ocrx_word' id='word_1_116' title='bbox 649 2363 684 2424; x_wconf 88' lang='lat' dir='ltr'><strong>et</strong></span> <span class='ocrx_word' id='word_1_117' title='bbox 709 2355 854 2425; x_wconf 81' lang='lat' dir='ltr'><strong>habeant</strong></span> <span class='ocrx_word' id='word_1_118' title='bbox 880 2357 1027 2424; x_wconf 85' lang='lat' dir='ltr'><strong>doctores</strong></span> <span class='ocrx_word' id='word_1_119' title='bbox 1050 2359 1101 2426; x_wconf 89' lang='lat' dir='ltr'><strong>ita</strong></span> <span class='ocrx_word' id='word_1_120' title='bbox 1122 2359 1225 2426; x_wconf 89' lang='lat' dir='ltr'><strong>bonos</strong></span> <span class='ocrx_word' id='word_1_121' title='bbox 1246 2360 1332 2426; x_wconf 89' lang='lat' dir='ltr'><strong>sicut</strong></span> <span class='ocrx_word' id='word_1_122' title='bbox 1348 2360 1497 2447; x_wconf 84' lang='lat' dir='ltr'><strong>juvenes,</strong></span> 
     </span>
     <span class='ocr_line' id='line_1_18' title="bbox 444 2457 1497 2555; baseline 0.003 -30"><span class='ocrx_word' id='word_1_123' title='bbox 444 2461 532 2546; x_wconf 92' lang='lat' dir='ltr'><strong>quod</strong></span> <span class='ocrx_word' id='word_1_124' title='bbox 557 2460 631 2546; x_wconf 82' lang='lat' dir='ltr'><strong>plus</strong></span> <span class='ocrx_word' id='word_1_125' title='bbox 656 2458 826 2555; x_wconf 85' lang='lat' dir='ltr'><strong>addiscent</strong></span> <span class='ocrx_word' id='word_1_126' title='bbox 851 2457 888 2524; x_wconf 91' lang='lat' dir='ltr'><strong>in</strong></span> <span class='ocrx_word' id='word_1_127' title='bbox 917 2480 985 2524; x_wconf 90' lang='lat' dir='ltr'><strong>una</strong></span> <span class='ocrx_word' id='word_1_128' title='bbox 1014 2460 1206 2546; x_wconf 88' lang='lat' dir='ltr'><strong>septimana,</strong></span> <span class='ocrx_word' id='word_1_129' title='bbox 1234 2481 1333 2546; x_wconf 88' lang='lat' dir='ltr'><strong>quam</strong></span> <span class='ocrx_word' id='word_1_130' title='bbox 1358 2464 1497 2547; x_wconf 85' lang='lat' dir='ltr'><strong>juvenes</strong></span> 
     </span>
     <span class='ocr_line' id='line_1_19' title="bbox 443 2561 1495 2647; baseline 0 -21"><span class='ocrx_word' id='word_1_131' title='bbox 443 2561 529 2629; x_wconf 86' lang='lat' dir='ltr'><strong>inlna</strong></span> <span class='ocrx_word' id='word_1_132' title='bbox 573 2582 726 2640; x_wconf 90' lang='lat' dir='ltr'><strong>mensem,</strong></span> <span class='ocrx_word' id='word_1_133' title='bbox 772 2561 813 2626; x_wconf 90' lang='lat' dir='ltr'><strong>de</strong></span> <span class='ocrx_word' id='word_1_134' title='bbox 868 2581 1062 2647; x_wconf 87' lang='lat' dir='ltr'><strong>quacunque</strong></span> <span class='ocrx_word' id='word_1_135' title='bbox 1106 2561 1248 2628; x_wconf 88' lang='lat' dir='ltr'><strong>scientia</strong></span> <span class='ocrx_word' id='word_1_136' title='bbox 1326 2562 1414 2627; x_wconf 91' lang='lat' dir='ltr'><strong>Nam</strong></span> <span class='ocrx_word' id='word_1_137' title='bbox 1460 2565 1495 2626; x_wconf 88' lang='lat' dir='ltr'><strong>in</strong></span> 
     </span>
     <span class='ocr_line' id='line_1_20' title="bbox 442 2661 1494 2751; baseline -0.001 -23"><span class='ocrx_word' id='word_1_138' title='bbox 442 2663 630 2751; x_wconf 88' lang='lat' dir='ltr'><strong>linguarum</strong></span> <span class='ocrx_word' id='word_1_139' title='bbox 667 2661 862 2750; x_wconf 83' lang='lat' dir='ltr'><strong>cognitione,</strong></span> <span class='ocrx_word' id='word_1_140' title='bbox 902 2667 936 2729; x_wconf 84' lang='lat' dir='ltr'><strong>et</strong></span> <span class='ocrx_word' id='word_1_141' title='bbox 968 2662 1158 2750; x_wconf 86' lang='lat' dir='ltr'><strong>figurarum,</strong></span> <span class='ocrx_word' id='word_1_142' title='bbox 1197 2667 1232 2728; x_wconf 93' lang='lat' dir='ltr'><strong>et</strong></span> <span class='ocrx_word' id='word_1_143' title='bbox 1275 2685 1494 2742; x_wconf 88' lang='lat' dir='ltr'><strong>numerorum,</strong></span> 
     </span>
     <span class='ocr_line' id='line_1_21' title="bbox 443 2763 1495 2853; baseline 0 -23"><span class='ocrx_word' id='word_1_144' title='bbox 443 2765 577 2832; x_wconf 86' lang='lat' dir='ltr'><strong>videtur</strong></span> <span class='ocrx_word' id='word_1_145' title='bbox 612 2763 843 2853; x_wconf 85' lang='lat' dir='ltr'><strong>ignorantibus</strong></span> <span class='ocrx_word' id='word_1_146' title='bbox 872 2785 911 2830; x_wconf 89' lang='lat' dir='ltr'><strong>ea</strong></span> <span class='ocrx_word' id='word_1_147' title='bbox 941 2764 1028 2852; x_wconf 88' lang='lat' dir='ltr'><strong>quod</strong></span> <span class='ocrx_word' id='word_1_148' title='bbox 1065 2764 1110 2829; x_wconf 90' lang='lat' dir='ltr'><strong>sit</strong></span> <span class='ocrx_word' id='word_1_149' title='bbox 1139 2785 1260 2851; x_wconf 83' lang='lat' dir='ltr'><strong>magna</strong></span> <span class='ocrx_word' id='word_1_150' title='bbox 1296 2765 1495 2850; x_wconf 84' lang='lat' dir='ltr'><strong>perplexitas</strong></span> 
     </span>
     <span class='ocr_line' id='line_1_22' title="bbox 443 2865 1495 2955; baseline -0.002 -22"><span class='ocrx_word' id='word_1_151' title='bbox 443 2871 478 2934; x_wconf 90' lang='lat' dir='ltr'><strong>et</strong></span> <span class='ocrx_word' id='word_1_152' title='bbox 507 2866 705 2951; x_wconf 77' lang='lat' dir='ltr'><strong>difficultas3</strong></span> <span class='ocrx_word' id='word_1_153' title='bbox 740 2871 775 2933; x_wconf 86' lang='lat' dir='ltr'><strong>st</strong></span> <span class='ocrx_word' id='word_1_154' title='bbox 803 2865 976 2955; x_wconf 84' lang='lat' dir='ltr'><strong>vulgatum</strong></span> <span class='ocrx_word' id='word_1_155' title='bbox 1006 2871 1058 2932; x_wconf 87' lang='lat' dir='ltr'><strong>est</strong></span> <span class='ocrx_word' id='word_1_156' title='bbox 1095 2866 1184 2952; x_wconf 93' lang='lat' dir='ltr'><strong>quod</strong></span> <span class='ocrx_word' id='word_1_157' title='bbox 1208 2865 1349 2952; x_wconf 89' lang='lat' dir='ltr'><strong>juvenes</strong></span> <span class='ocrx_word' id='word_1_158' title='bbox 1378 2866 1495 2931; x_wconf 91' lang='lat' dir='ltr'><strong>melius</strong></span> 
     </span>
     <span class='ocr_line' id='line_1_23' title="bbox 443 2966 1495 3056; baseline -0.002 -21"><span class='ocrx_word' id='word_1_159' title='bbox 443 2970 617 3038; x_wconf 87' lang='lat' dir='ltr'><strong>addiscunt</strong></span> <span class='ocrx_word' id='word_1_160' title='bbox 645 2967 842 3056; x_wconf 82' lang='lat' dir='ltr'><strong>hujusmodi</strong></span> <span class='ocrx_word' id='word_1_161' title='bbox 902 2967 969 3034; x_wconf 87' lang='lat' dir='ltr'><strong>Sed</strong></span> <span class='ocrx_word' id='word_1_162' title='bbox 997 2973 1107 3034; x_wconf 87' lang='lat' dir='ltr'><strong>certus</strong></span> <span class='ocrx_word' id='word_1_163' title='bbox 1136 2989 1209 3033; x_wconf 90' lang='lat' dir='ltr'><strong>sum</strong></span> <span class='ocrx_word' id='word_1_164' title='bbox 1240 2966 1327 3052; x_wconf 90' lang='lat' dir='ltr'><strong>quod</strong></span> <span class='ocrx_word' id='word_1_165' title='bbox 1354 2966 1415 3033; x_wconf 90' lang='lat' dir='ltr'><strong>hoc</strong></span> <span class='ocrx_word' id='word_1_166' title='bbox 1445 2975 1495 3033; x_wconf 80' lang='lat' dir='ltr'><strong>ost</strong></span> 
     </span>
     <span class='ocr_line' id='line_1_24' title="bbox 443 3067 1494 3156; baseline -0.001 -20"><span class='ocrx_word' id='word_1_167' title='bbox 443 3072 582 3153; x_wconf 87' lang='lat' dir='ltr'><strong>falsum;</strong></span> <span class='ocrx_word' id='word_1_168' title='bbox 612 3093 690 3137; x_wconf 88' lang='lat' dir='ltr'><strong>nam</strong></span> <span class='ocrx_word' id='word_1_169' title='bbox 715 3070 786 3137; x_wconf 84' lang='lat' dir='ltr'><strong>vidi</strong></span> <span class='ocrx_word' id='word_1_170' title='bbox 812 3090 904 3136; x_wconf 89' lang='lat' dir='ltr'><strong>senes</strong></span> <span class='ocrx_word' id='word_1_171' title='bbox 930 3069 1027 3156; x_wconf 85' lang='lat' dir='ltr'><strong>longe</strong></span> <span class='ocrx_word' id='word_1_172' title='bbox 1054 3069 1159 3156; x_wconf 87' lang='lat' dir='ltr'><strong>magis</strong></span> <span class='ocrx_word' id='word_1_173' title='bbox 1188 3067 1342 3155; x_wconf 86' lang='lat' dir='ltr'><strong>proficere</strong></span> <span class='ocrx_word' id='word_1_174' title='bbox 1377 3069 1413 3133; x_wconf 90' lang='lat' dir='ltr'><strong>iu</strong></span> <span class='ocrx_word' id='word_1_175' title='bbox 1443 3071 1494 3135; x_wconf 90' lang='lat' dir='ltr'><strong>his</strong></span> 
     </span>
     <span class='ocr_line' id='line_1_25' title="bbox 443 3170 1493 3260; baseline -0.002 -21"><span class='ocrx_word' id='word_1_176' title='bbox 443 3195 541 3259; x_wconf 87' lang='lat' dir='ltr'><strong>quam</strong></span> <span class='ocrx_word' id='word_1_177' title='bbox 567 3195 710 3260; x_wconf 89' lang='lat' dir='ltr'><strong>unquam</strong></span> <span class='ocrx_word' id='word_1_178' title='bbox 736 3172 880 3259; x_wconf 88' lang='lat' dir='ltr'><strong>aliquem</strong></span> <span class='ocrx_word' id='word_1_179' title='bbox 899 3170 1064 3258; x_wconf 83' lang='lat' dir='ltr'><strong>juvenem</strong></span> <span class='ocrx_word' id='word_1_180' title='bbox 1111 3170 1158 3236; x_wconf 85' lang='lat' dir='ltr'><strong>Et</strong></span> <span class='ocrx_word' id='word_1_181' title='bbox 1180 3175 1287 3236; x_wconf 90' lang='lat' dir='ltr'><strong>certus</strong></span> <span class='ocrx_word' id='word_1_182' title='bbox 1309 3192 1383 3236; x_wconf 91' lang='lat' dir='ltr'><strong>sum</strong></span> <span class='ocrx_word' id='word_1_183' title='bbox 1406 3173 1493 3257; x_wconf 89' lang='lat' dir='ltr'><strong>quod</strong></span> 
     </span>
     <span class='ocr_line' id='line_1_26' title="bbox 443 3271 1495 3363; baseline -0.001 -23"><span class='ocrx_word' id='word_1_184' title='bbox 443 3276 483 3341; x_wconf 91' lang='lat' dir='ltr'><strong>de</strong></span> <span class='ocrx_word' id='word_1_185' title='bbox 506 3296 698 3362; x_wconf 87' lang='lat' dir='ltr'><strong>quacunque</strong></span> <span class='ocrx_word' id='word_1_186' title='bbox 719 3274 834 3363; x_wconf 82' lang='lat' dir='ltr'><strong>lingua</strong></span> <span class='ocrx_word' id='word_1_187' title='bbox 856 3273 939 3339; x_wconf 90' lang='lat' dir='ltr'><strong>mihi</strong></span> <span class='ocrx_word' id='word_1_188' title='bbox 963 3279 998 3339; x_wconf 89' lang='lat' dir='ltr'><strong>et</strong></span> <span class='ocrx_word' id='word_1_189' title='bbox 1019 3272 1076 3338; x_wconf 90' lang='lat' dir='ltr'><strong>isti</strong></span> <span class='ocrx_word' id='word_1_190' title='bbox 1094 3271 1210 3358; x_wconf 89' lang='lat' dir='ltr'><strong>juveni</strong></span> <span class='ocrx_word' id='word_1_191' title='bbox 1234 3273 1409 3360; x_wconf 89' lang='lat' dir='ltr'><strong>proposita,</strong></span> <span class='ocrx_word' id='word_1_192' title='bbox 1435 3295 1495 3360; x_wconf 80' lang='lat' dir='ltr'><strong>ego</strong></span> 
     </span>
     <span class='ocr_line' id='line_1_27' title="bbox 442 3373 1494 3463; baseline 0.001 -23"><span class='ocrx_word' id='word_1_193' title='bbox 442 3375 516 3463; x_wconf 90' lang='lat' dir='ltr'><strong>plus</strong></span> <span class='ocrx_word' id='word_1_194' title='bbox 553 3376 752 3442; x_wconf 87' lang='lat' dir='ltr'><strong>addiscerem</strong></span> <span class='ocrx_word' id='word_1_195' title='bbox 789 3374 876 3441; x_wconf 83' lang='lat' dir='ltr'><strong>infra</strong></span> <span class='ocrx_word' id='word_1_196' title='bbox 905 3396 1010 3440; x_wconf 90' lang='lat' dir='ltr'><strong>unum</strong></span> <span class='ocrx_word' id='word_1_197' title='bbox 1047 3373 1135 3440; x_wconf 90' lang='lat' dir='ltr'><strong>diem</strong></span> <span class='ocrx_word' id='word_1_198' title='bbox 1173 3395 1272 3460; x_wconf 90' lang='lat' dir='ltr'><strong>quam</strong></span> <span class='ocrx_word' id='word_1_199' title='bbox 1310 3375 1372 3441; x_wconf 89' lang='lat' dir='ltr'><strong>iste</strong></span> <span class='ocrx_word' id='word_1_200' title='bbox 1410 3376 1494 3441; x_wconf 81' lang='lat' dir='ltr'><strong>inira</strong></span> 
     </span>
     <span class='ocr_line' id='line_1_28' title="bbox 443 3475 1493 3565; baseline 0 -21"><span class='ocrx_word' id='word_1_201' title='bbox 443 3477 682 3565; x_wconf 69' lang='lat' dir='ltr'><strong>septimanam</strong></span> <span class='ocrx_word' id='word_1_202' title='bbox 706 3482 744 3544; x_wconf 79' lang='lat' dir='ltr'><strong>&#39;et</strong></span> <span class='ocrx_word' id='word_1_203' title='bbox 767 3476 814 3543; x_wconf 88' lang='lat' dir='ltr'><strong>sic</strong></span> <span class='ocrx_word' id='word_1_204' title='bbox 836 3477 878 3543; x_wconf 90' lang='lat' dir='ltr'><strong>de</strong></span> <span class='ocrx_word' id='word_1_205' title='bbox 901 3475 1053 3547; x_wconf 84' lang='lat' dir='ltr'><strong>omnibus</strong></span> <span class='ocrx_word' id='word_1_206' title='bbox 1076 3497 1150 3562; x_wconf 83' lang='lat' dir='ltr'><strong>quae</strong></span> <span class='ocrx_word' id='word_1_207' title='bbox 1173 3477 1363 3564; x_wconf 82' lang='lat' dir='ltr'><strong>ignoramus</strong></span> <span class='ocrx_word' id='word_1_208' title='bbox 1389 3479 1493 3545; x_wconf 89' lang='lat' dir='ltr'><strong>ambo.</strong></span> 
     </span>
     <span class='ocr_line' id='line_1_29' title="bbox 444 3578 1494 3667; baseline 0.001 -22"><span class='ocrx_word' id='word_1_209' title='bbox 444 3579 522 3645; x_wconf 90' lang='lat' dir='ltr'><strong>Non</strong></span> <span class='ocrx_word' id='word_1_210' title='bbox 544 3584 595 3646; x_wconf 87' lang='lat' dir='ltr'><strong>est</strong></span> <span class='ocrx_word' id='word_1_211' title='bbox 615 3579 696 3645; x_wconf 92' lang='lat' dir='ltr'><strong>mihi</strong></span> <span class='ocrx_word' id='word_1_212' title='bbox 717 3579 856 3645; x_wconf 89' lang='lat' dir='ltr'><strong>dubium</strong></span> <span class='ocrx_word' id='word_1_213' title='bbox 881 3578 962 3666; x_wconf 90' lang='lat' dir='ltr'><strong>quin</strong></span> <span class='ocrx_word' id='word_1_214' title='bbox 984 3579 1077 3644; x_wconf 91' lang='lat' dir='ltr'><strong>nulla</strong></span> <span class='ocrx_word' id='word_1_215' title='bbox 1091 3578 1137 3644; x_wconf 92' lang='lat' dir='ltr'><strong>sit</strong></span> <span class='ocrx_word' id='word_1_216' title='bbox 1159 3578 1336 3645; x_wconf 86' lang='lat' dir='ltr'><strong>difficultas</strong></span> <span class='ocrx_word' id='word_1_217' title='bbox 1358 3603 1379 3645; x_wconf 92' lang='lat' dir='ltr'><strong>a</strong></span> <span class='ocrx_word' id='word_1_218' title='bbox 1401 3587 1494 3667; x_wconf 87' lang='lat' dir='ltr'><strong>parte</strong></span> 
     </span>
     <span class='ocr_line' id='line_1_30' title="bbox 443 3680 1493 3769; baseline -0.001 -21"><span class='ocrx_word' id='word_1_219' title='bbox 443 3681 560 3761; x_wconf 79' lang='lat' dir='ltr'><strong>aetatis,</strong></span> <span class='ocrx_word' id='word_1_220' title='bbox 588 3702 692 3748; x_wconf 91' lang='lat' dir='ltr'><strong>neca</strong></span> <span class='ocrx_word' id='word_1_221' title='bbox 717 3684 811 3769; x_wconf 89' lang='lat' dir='ltr'><strong>parte</strong></span> <span class='ocrx_word' id='word_1_222' title='bbox 837 3680 1085 3756; x_wconf 88' lang='lat' dir='ltr'><strong>addiscentium,</strong></span> <span class='ocrx_word' id='word_1_223' title='bbox 1117 3680 1145 3745; x_wconf 87' lang='lat' dir='ltr'><strong>si</strong></span> <span class='ocrx_word' id='word_1_224' title='bbox 1173 3680 1291 3748; x_wconf 87' lang='lat' dir='ltr'><strong>volunt</strong></span> <span class='ocrx_word' id='word_1_225' title='bbox 1320 3682 1493 3761; x_wconf 87' lang='lat' dir='ltr'><strong>addiscere,</strong></span> 
     </span>
     <span class='ocr_line' id='line_1_31' title="bbox 442 3781 1494 3870; baseline -0.001 -21"><span class='ocrx_word' id='word_1_226' title='bbox 442 3789 477 3850; x_wconf 90' lang='lat' dir='ltr'><strong>et</strong></span> <span class='ocrx_word' id='word_1_227' title='bbox 501 3784 667 3851; x_wconf 86' lang='lat' dir='ltr'><strong>confidant</strong></span> <span class='ocrx_word' id='word_1_228' title='bbox 686 3788 721 3850; x_wconf 89' lang='lat' dir='ltr'><strong>et</strong></span> <span class='ocrx_word' id='word_1_229' title='bbox 740 3782 914 3870; x_wconf 86' lang='lat' dir='ltr'><strong>diligentes</strong></span> <span class='ocrx_word' id='word_1_230' title='bbox 936 3783 1011 3848; x_wconf 90' lang='lat' dir='ltr'><strong>sint.</strong></span> <span class='ocrx_word' id='word_1_231' title='bbox 1057 3781 1128 3847; x_wconf 89' lang='lat' dir='ltr'><strong>Nec</strong></span> <span class='ocrx_word' id='word_1_232' title='bbox 1150 3787 1286 3869; x_wconf 90' lang='lat' dir='ltr'><strong>aparte</strong></span> <span class='ocrx_word' id='word_1_233' title='bbox 1308 3783 1494 3869; x_wconf 86' lang='lat' dir='ltr'><strong>linguarum</strong></span> 
     </span>
     <span class='ocr_line' id='line_1_32' title="bbox 443 3884 1494 3971; baseline 0 -21"><span class='ocrx_word' id='word_1_234' title='bbox 443 3890 478 3950; x_wconf 92' lang='lat' dir='ltr'><strong>et</strong></span> <span class='ocrx_word' id='word_1_235' title='bbox 503 3886 723 3963; x_wconf 87' lang='lat' dir='ltr'><strong>scientiarum,</strong></span> <span class='ocrx_word' id='word_1_236' title='bbox 752 3884 809 3950; x_wconf 92' lang='lat' dir='ltr'><strong>sed</strong></span> <span class='ocrx_word' id='word_1_237' title='bbox 835 3906 856 3949; x_wconf 92' lang='lat' dir='ltr'><strong>a</strong></span> <span class='ocrx_word' id='word_1_238' title='bbox 881 3889 975 3971; x_wconf 84' lang='lat' dir='ltr'><strong>parte</strong></span> <span class='ocrx_word' id='word_1_239' title='bbox 1001 3884 1179 3961; x_wconf 87' lang='lat' dir='ltr'><strong>doctorum,</strong></span> <span class='ocrx_word' id='word_1_240' title='bbox 1208 3885 1265 3969; x_wconf 91' lang='lat' dir='ltr'><strong>qui</strong></span> <span class='ocrx_word' id='word_1_241' title='bbox 1291 3885 1409 3949; x_wconf 89' lang='lat' dir='ltr'><strong>nolunt</strong></span> <span class='ocrx_word' id='word_1_242' title='bbox 1435 3893 1494 3950; x_wconf 90' lang='lat' dir='ltr'><strong>aut</strong></span> 
     </span>
     <span class='ocr_line' id='line_1_33' title="bbox 442 3985 1495 4056; baseline -0.002 -3"><span class='ocrx_word' id='word_1_243' title='bbox 442 3987 592 4054; x_wconf 87' lang='lat' dir='ltr'><strong>nesciunt</strong></span> <span class='ocrx_word' id='word_1_244' title='bbox 617 3988 738 4056; x_wconf 91' lang='lat' dir='ltr'><strong>docere.</strong></span> <span class='ocrx_word' id='word_1_245' title='bbox 784 3985 862 4052; x_wconf 93' lang='lat' dir='ltr'><strong>Non</strong></span> <span class='ocrx_word' id='word_1_246' title='bbox 892 3985 980 4051; x_wconf 91' lang='lat' dir='ltr'><strong>enim</strong></span> <span class='ocrx_word' id='word_1_247' title='bbox 1006 3985 1193 4051; x_wconf 88' lang='lat' dir='ltr'><strong>invenimus</strong></span> <span class='ocrx_word' id='word_1_248' title='bbox 1220 3985 1367 4050; x_wconf 86' lang='lat' dir='ltr'><strong>doctores</strong></span> <span class='ocrx_word' id='word_1_249' title='bbox 1397 3987 1495 4051; x_wconf 83' lang='lat' dir='ltr'><strong>utiles</strong></span> 
     </span>
    </p>
   </div>
   <div class='ocr_carea' id='block_1_6' title="bbox 447 4383 1495 4702">
    <p class='ocr_par' dir='ltr' id='par_1_6' title="bbox 447 4383 1495 4702">
     <span class='ocr_line' id='line_1_34' title="bbox 462 4383 1493 4461; baseline -0.017 -12"><span class='ocrx_word' id='word_1_250' title='bbox 462 4395 653 4461; x_wconf 66' lang='lat' dir='ltr'><strong>&#39;debilitaticnd</strong></span> <span class='ocrx_word' id='word_1_251' title='bbox 667 4391 868 4452; x_wconf 83' lang='lat' dir='ltr'><strong>adebilitatione,</strong></span> <span class='ocrx_word' id='word_1_252' title='bbox 876 4388 942 4441; x_wconf 69' lang='lat' dir='ltr'><strong>nli.</strong></span> <span class='ocrx_word' id='word_1_253' title='bbox 1027 4384 1189 4436; x_wconf 67' lang='lat' dir='ltr'><strong>‘camisilem</strong></span> <span class='ocrx_word' id='word_1_254' title='bbox 1212 4383 1343 4452; x_wconf 74' lang='lat' dir='ltr'><strong>desectum]</strong></span> <span class='ocrx_word' id='word_1_255' title='bbox 1371 4389 1493 4440; x_wconf 73' lang='lat' dir='ltr'><strong>defectum</strong></span> 
     </span>
     <span class='ocr_line' id='line_1_35' title="bbox 458 4465 1207 4539; baseline -0.024 -7"><span class='ocrx_word' id='word_1_256' title='bbox 458 4477 509 4531; x_wconf 78' lang='lat' dir='ltr'><strong>&#39;de</strong></span> <span class='ocrx_word' id='word_1_257' title='bbox 525 4473 664 4539; x_wconf 62' lang='lat' dir='ltr'><strong>Suessula]</strong></span> <span class='ocrx_word' id='word_1_258' title='bbox 684 4488 737 4537; x_wconf 88' lang='lat' dir='ltr'><strong>cap.</strong></span> <span class='ocrx_word' id='word_1_259' title='bbox 748 4472 793 4522; x_wconf 79' lang='lat' dir='ltr'><strong>vii.</strong></span> <span class='ocrx_word' id='word_1_260' title='bbox 994 4466 1158 4526; x_wconf 84' lang='lat' dir='ltr'><strong>consimilem,</strong></span> <span class='ocrx_word' id='word_1_261' title='bbox 1175 4465 1207 4515; x_wconf 95' lang='grc' dir='ltr'><strong>Τ.</strong></span> 
     </span>
     <span class='ocr_line' id='line_1_36' title="bbox 463 4541 1495 4623; baseline -0.015 -16"><span class='ocrx_word' id='word_1_262' title='bbox 463 4558 621 4623; x_wconf 61' lang='lat' dir='ltr'><strong>&#39;macrum</strong></span> <span class='ocrx_word' id='word_1_263' title='bbox 638 4561 661 4602; x_wconf 82' lang='lat' dir='ltr'><strong>ee</strong></span> <span class='ocrx_word' id='word_1_264' title='bbox 677 4548 802 4615; x_wconf 76' lang='lat' dir='ltr'><strong>uirtutum]</strong></span> <span class='ocrx_word' id='word_1_265' title='bbox 821 4548 943 4600; x_wconf 82' lang='lat' dir='ltr'><strong>virtutum</strong></span> <span class='ocrx_word' id='word_1_266' title='bbox 1028 4549 1039 4578; x_wconf 84' lang='lat'>⁸</span> <span class='ocrx_word' id='word_1_267' title='bbox 1044 4544 1180 4612; x_wconf 70' lang='lat' dir='ltr'><strong>phrenetici</strong></span> <span class='ocrx_word' id='word_1_268' title='bbox 1206 4553 1230 4597; x_wconf 76' lang='lat' dir='ltr'><strong>ee</strong></span> <span class='ocrx_word' id='word_1_269' title='bbox 1257 4541 1351 4613; x_wconf 74' lang='lat' dir='ltr'><strong>stolidi]</strong></span> <span class='ocrx_word' id='word_1_270' title='bbox 1370 4547 1453 4599; x_wconf 62' lang='lat' dir='ltr'><strong>solidi</strong></span> <span class='ocrx_word' id='word_1_271' title='bbox 1470 4555 1495 4600; x_wconf 76' lang='lat' dir='ltr'><strong>et</strong></span> 
     </span>
     <span class='ocr_line' id='line_1_37' title="bbox 447 4624 1187 4702; baseline -0.015 -14"><span class='ocrx_word' id='word_1_272' title='bbox 447 4642 638 4702; x_wconf 78' lang='lat' dir='ltr'><strong>etcrgmornm,</strong></span> <span class='ocrx_word' id='word_1_273' title='bbox 655 4629 686 4681; x_wconf 93' lang='grc' dir='ltr'><strong>Τ.</strong></span> <span class='ocrx_word' id='word_1_274' title='bbox 994 4624 1139 4691; x_wconf 79' lang='lat' dir='ltr'><strong>phrenetici,</strong></span> <span class='ocrx_word' id='word_1_275' title='bbox 1157 4625 1187 4677; x_wconf 90' lang='grc' dir='ltr'><strong>Τ.</strong></span> 
     </span>
    </p>
   </div>
   <div class='ocr_carea' id='block_1_7' title="bbox 0 0 1798 5640">
    <p class='ocr_par' dir='ltr' id='par_1_7' title="bbox 0 0 1798 5640">
     <span class='ocr_line' id='line_1_38' title="bbox 0 0 1798 5640; baseline 0 3"><span class='ocrx_word' id='word_1_276' title='bbox 0 0 1798 5640; x_wconf 95' lang='lat' dir='ltr'><strong> </strong></span> 
     </span>
    </p>
   </div>
  </div>
 </body>
</html>
