3586 5640
305 784 428 872 mvn]
699 801 787 850 orus
809 801 968 851 raanan.
1291 782 1355 852 173

305 975 375 1040 sinc
413 976 602 1062 praejudicio
644 975 787 1040 melioris
827 975 1009 1040 sentcntiae.
1071 977 1182 1060 Atque
1220 974 1355 1039 referam

305 1078 491 1165 opinionem
515 1079 699 1164 aliquorum
730 1077 956 1164 theologorum
987 1078 1154 1157 famosam,
1178 1077 1231 1142 cui
1254 1079 1355 1141 etiam

306 1181 540 1267 sapientissimi
576 1181 641 1246 viri
683 1181 925 1246 concordabant
970 1203 1051 1266 quos
1088 1181 1241 1258 vidimus,
1280 1180 1356 1246 licet

307 1284 396 1349 viam
419 1285 582 1349 universae
605 1284 713 1350 camis
735 1283 873 1369 ingressi
896 1289 984 1349 sunt.

353 1385 451 1466 Quod
478 1392 589 1452 autem
620 1386 808 1452 substantia
833 1386 1014 1473 spiritualis
1040 1387 1163 1450 nullam
1196 1386 1355 1452 rationem
1368 1393 1478 1510 Iuppt-

309 1488 410 1554 habet
436 1489 478 1554 ad
508 1489 614 1554 locum
644 1489 854 1575 corporalem,
887 1511 992 1574 neque
1023 1488 1222 1553 divisibilem
1253 1463 1483 1592 nequessssm

308 1591 553 1670 indivisibilem,
585 1591 801 1678 persuadetur
830 1593 884 1656 sio.
943 1591 1047 1656 Locus
1070 1592 1254 1677 corporalis,
1279 1614 1358 1676 qua-
1370 1594 1524 1674 &pardi-

308 1694 513 1781 litercunque
548 1693 763 1781 intelligatur,
786 1694 887 1759 habet
909 1695 1089 1759 necessario
1112 1695 1213 1759 situm
1237 1694 1277 1758 de
1299 1716 1358 1759 suo
1371 1661 1518 1780 ἶζὲξξιζῇ

309 1797 504 1877 intellectu;
535 1797 613 1884 quia
643 1797 744 1863 ctiam
778 1803 919 1884 punctus
951 1798 1052 1862 situm
1069 1797 1179 1874 habet,
1203 1803 1238 1862 et
1261 1797 1356 1877 linea,

310 1905 345 1966 et
382 1899 575 1986 superficies,
614 1905 649 1964 et
687 1921 810 1986 corpus.
864 1899 929 1964 Sed
959 1899 1148 1965 substantia
1178 1900 1358 1987 spiritualis

310 2003 439 2068 nullum
472 2004 574 2067 situm
608 2006 718 2089 potest
749 2001 878 2081 habere,
918 2024 995 2089 ergo
1033 2003 1157 2068 nullam
1196 2005 1357 2069 rationem

310 2105 412 2171 habet
433 2105 495 2170 loci
518 2105 696 2192 corporalis

358 2207 496 2285 Iterum,
520 2207 708 2273 substantia
729 2207 913 2294 spiritualis
933 2230 1037 2294 neque
1062 2209 1163 2274 babet
1186 2209 1360 2275 divisibili·

311 2316 417 2378 tatem
441 2311 641 2397 quantitatis
663 2333 723 2375 nec
746 2311 869 2398 puncti,
893 2312 971 2397 quia
994 2334 1054 2376 sua
1076 2318 1197 2378 natura
1220 2310 1287 2378 est'
1312 2315 1361 2378 in·

313 2414 507 2491 divisibilis;
530 2435 636 2499 neque
659 2419 709 2478 est
732 2420 902 2498 quantum,
920 2436 1025 2500 neque
1048 2416 1209 2480 terminus
1232 2416 1361 2502 quanti.

313 2518 358 2582 Et
380 2517 429 2582 ita
459 2517 545 2581 siout
568 2515 779 2581 divisibilitas
809 2517 1007 2601 quantitatis
1037 2541 1057 2581 a
1087 2518 1275 2583 substantia
1298 2520 1364 2606 spi·

312 2620 426 2685 rituali
460 2625 618 2684 extranea
651 2623 708 2695 est,
733 2619 778 2684 sio
807 2619 1055 2685 indivisibilitas
1088 2621 1224 2686 termini
1259 2644 1362 2706 quan-

313 2723 430 2801 titatis,
459 2721 516 2807 qui
539 2728 590 2786 est
617 2726 767 2806 punctus.
815 2721 881 2786 Sed
913 2745 987 2808 quae
1018 2745 1084 2788 non
1114 2730 1193 2789 sunt
1216 2725 1361 2810 ejusdem

314 2825 442 2912 generis
476 2846 543 2889 non
577 2824 701 2887 habent
735 2822 777 2887 ad
814 2823 953 2887 invicem
992 2827 1268 2908 comparationem
1305 2848 1365 2891 neo

314 2927 558 3015 proportionem
572 2951 580 3006 ;
604 2931 644 2991 ut
659 2947 725 2990 non
743 2929 794 2989 est
809 2927 976 3011 proportio
1000 2925 1161 2991 albedinis
1176 2929 1219 2991 ad
1234 2928 1363 3006 lineam,

315 3052 375 3095 nec
408 3029 450 3094 ad
484 3027 716 3106 substantiam,
752 3048 824 3111 quae
857 3032 936 3091 sunt
970 3027 1174 3092 diversorum
1208 3050 1365 3113 generum

315 3130 654 3220 praedicamentalium
678 3153 698 3194 a
713 3151 832 3216 genere
855 3128 1037 3205 albedinis;
1060 3149 1119 3192 uec
1140 3129 1181 3193 ad
1199 3131 1365 3209 mimicam,

315 3256 375 3300 nec
409 3234 452 3298 ad
486 3232 702 3312 dulcedinem,
737 3252 810 3316 quae
842 3237 921 3296 sunt
953 3232 987 3294 in
1022 3230 1160 3296 diversis
1192 3232 1367 3319 generibus

315 3335 514 3402 subalternis
541 3335 584 3399 ad
614 3335 809 3399 albedinem.
859 3333 1066 3420 Quapropter
1089 3340 1210 3401 natura
1244 3337 1365 3401 indivi-

315 3437 422 3503 sibilis
455 3437 637 3524 spiritualis
669 3437 793 3501 nullam
827 3437 1104 3523 comparationem
1142 3461 1201 3505 nec
1232 3462 1365 3527 propor-

315 3542 440 3606 tionem
463 3540 600 3606 habebit
622 3541 664 3605 ad
687 3538 891 3604 indivisibile
914 3539 966 3604 vel
992 3539 1158 3606 divisibile
1182 3542 1217 3606 in
1240 3549 1365 3627 quanto

315 3643 482 3731 corporali.

363 3747 500 3824 lterum,
524 3746 585 3811 hoc
601 3746 752 3810 videmus
775 3768 833 3832 per
855 3746 961 3810 locum
984 3768 1005 3809 a
1019 3746 1156 3831 majori:
1182 3769 1258 3810 nam
1279 3769 1367 3831 qum·

316 3851 393 3914 dam
423 3871 475 3914 res
504 3855 583 3914 sunt
613 3848 802 3934 corporales,
836 3849 914 3934 quia
944 3848 1161 3934 proprietatos
1196 3870 1365 3934 corporum

316 3958 404 4033 sunt,
427 3956 596 4017 ettamen
619 3972 686 4016 non
709 3951 833 4016 habent
855 3950 1000 4036 aliquam
1024 3952 1300 4037 comparationem
1324 3953 1367 4017 ad

316 4056 424 4120 locum
447 4053 647 4139 corporalem
667 4053 708 4119 de
731 4053 782 4118 sui
805 4058 933 4132 natura,
949 4058 991 4118 ut
1013 4053 1123 4118 unitas
1146 4058 1182 4118 et
1204 4075 1366 4121 numerus.

318 4157 395 4223 Non
419 4156 507 4221 enim
530 4155 695 4242 contingit
718 4156 825 4221 dicere
856 4156 944 4241 quod
968 4157 1008 4221 de
1030 4157 1081 4221 sui
1104 4162 1224 4222 natura
1246 4157 1367 4223 alicubi

318 4265 416 4339 sunt;
439 4259 517 4344 quia
538 4280 607 4323 non
628 4257 753 4323 babent
775 4259 878 4324 situm
901 4279 960 4324 nec
983 4259 1185 4345 positionem.
1245 4261 1368 4329 Unitas

318 4363 406 4428 enim
436 4382 504 4427 non
535 4365 586 4426 est
615 4360 668 4426 hic
698 4382 758 4426 nec
789 4362 860 4444 ibi;
894 4382 1000 4446 neque
1032 4361 1137 4427 locum
1168 4361 1367 4430 divisibilem

755 4698 761 4727 ¹
779 4696 827 4762 m]
847 4710 896 4747 cm.
907 4696 937 4748 B.
