3586 5640
461 795 526 860 194
843 808 972 859 noomr
995 807 1140 860 sacoma
1421 797 1503 884 [aar

290 980 357 1060 ²51⁴
404 1008 415 1021 ·
502 982 580 1049 Alio
607 982 704 1049 modo
726 980 902 1069 accipitur¹
926 982 1095 1048 infinitum
1111 1003 1169 1070 per
1183 982 1395 1071 negationem
1409 983 1509 1063 finiti,

288 1056 369 1166 {¹332
390 1048 434 1100 ὼε
458 1091 493 1152 et
526 1086 597 1151 sine
631 1085 824 1151 extensione
858 1086 1057 1172 quantitiva‚
1082 1086 1170 1171 quod
1193 1087 1294 1152 finem
1317 1091 1353 1153 et
1374 1109 1510 1174 corrup·

455 1190 580 1255 tionem
603 1210 670 1253 ncn
691 1188 793 1254 habet
805 1210 815 1269 3
836 1193 872 1255 et
894 1186 1017 1254 dicitur
1037 1188 1206 1253 infinitum
1228 1210 1296 1254 non
1318 1211 1378 1277 per
1399 1190 1511 1276 priva·

456 1291 580 1358 tionem
617 1292 832 1358 terminorum
871 1291 1079 1377 quantitatis,
1112 1291 1170 1356 sed
1201 1311 1261 1378 per
1297 1293 1509 1379 negationem

456 1394 673 1481 corruptionis
694 1399 729 1460 et
750 1416 817 1460 non
839 1414 916 1460 esse.
963 1393 1008 1458 Et
1023 1392 1084 1459 hoc
1099 1398 1209 1479 potest
1224 1415 1294 1460 esse
1308 1395 1399 1461 vela
1413 1401 1508 1482 parte

456 1503 534 1564 aute
556 1501 696 1583 etpost,
720 1502 755 1562 et
777 1496 824 1562 sic
846 1495 1016 1562 aeternitas
1040 1496 1189 1562 increata
1211 1495 1335 1564 dicitur
1355 1498 1508 1576 infinita;

457 1599 512 1665 vel
533 1623 554 1665 a
575 1605 669 1687 parte
691 1603 766 1686 post
788 1603 930 1677 tantum,
959 1605 994 1666 et
1016 1597 1062 1665 aic
1093 1599 1265 1666 aeternitas
1287 1605 1405 1677 creata,
1434 1621 1509 1686 quae

456 1708 507 1769 est
529 1725 648 1780 aevum,
664 1702 786 1769 dicitur
806 1701 962 1782 infinita;
995 1707 1030 1768 et
1051 1701 1098 1767 sic
1120 1701 1291 1767 infinitum
1306 1706 1417 1788 potest
1438 1723 1508 1769 ease

455 1810 566 1871 totum
588 1805 695 1883 simul,
712 1810 747 1871 et
769 1826 836 1870 non
851 1808 902 1870 eat
923 1803 1178 1885 inconveniens3
1199 1804 1258 1870 sed
1279 1804 1387 1892 primo
1409 1805 1508 1871 modo

456 1909 689 1975 inconveniens
711 1911 769 1973 est.
805 1906 842 1972 Si
865 1907 996 1973 dicatur
1017 1906 1134 1990 adhuc,
1157 1907 1246 1992 quod
1268 1907 1296 1972 ei
1319 1906 1467 1973 infinitas
1486 1929 1508 1974 a

456 2016 550 2097 purte
572 2015 647 2098 post
669 2015 720 2076 eat
741 2010 777 2074 in
799 2009 986 2077 aeternitate
1008 2014 1127 2091 creata,
1152 2009 1260 2095 qualis
1282 2011 1320 2074 in
1350 2009 1507 2089 increata,

456 2118 536 2179 tunc
557 2136 578 2179 a
600 2112 760 2200 principio
794 2115 952 2178 creaturae
983 2112 1019 2176 in
1049 2132 1127 2191 ease,
1150 2112 1313 2198 usquein
1335 2116 1506 2190 eternum,

456 2216 643 2302 aequabitur
659 2220 808 2281 creatura
830 2214 910 2292 Dec,
927 2214 1017 2300 quod
1032 2218 1083 2281 est
1098 2213 1278 2280 absurdum
1292 2238 1301 2294 ;
1323 2214 1403 2300 quia
1415 2215 1507 2280 nullo

456 2317 555 2384 modo
577 2322 729 2402 aequatur
750 2320 902 2383 creatura
925 2316 1083 2396 Creatori,
1108 2337 1169 2382 nec
1199 2337 1347 2403 unquam
1380 2317 1506 2404 aequari

456 2423 565 2505 potest
587 2419 630 2483 ad
652 2418 787 2484 horam:
812 2418 986 2484 dicendum
1008 2424 1068 2497 est,
1092 2418 1180 2505 quod
1203 2419 1352 2484 infinitas
1374 2441 1395 2483 a
1416 2419 1507 2505 prin·

456 2521 540 2608 cipio
572 2524 731 2586 creaturae
753 2521 790 2585 in
812 2541 880 2586 esee
903 2521 1093 2587 constitutae
1127 2520 1250 2608 duplici
1271 2521 1401 2587 ratione
1431 2542 1508 2588 con·

288 2643 311 2690 a.
320 2639 444 2702 Twosou,
456 2623 551 2688 venit
585 2621 676 2688 Deo:
712 2643 780 2686 una
802 2627 860 2700 est,
885 2622 964 2708 quia
994 2623 1065 2689 sine
1087 2623 1249 2704 fine'erit,
1283 2623 1349 2688 alia
1380 2627 1431 2689 est
1462 2645 1504 2690 ex

287 2707 425 2823 &gollim
456 2747 503 2802 eo,
526 2725 615 2810 quod
637 2746 697 2790 sua
718 2724 849 2792 duratio
872 2729 923 2790 est
944 2725 1058 2791 eadem
1079 2748 1153 2792 cum
1175 2748 1235 2792 sua
1256 2726 1404 2804 essentia
1429 2748 1505 2814 quaa

286 2833 505 2904 only‚whoceest
528 2828 660 2892 infinita
681 2828 853 2905 intensive,
876 2849 943 2892 non
966 2829 1159 2912 extensive3
1190 2828 1276 2895 sicut
1309 2850 1370 2895 sua
1398 2828 1507 2895 virtus

286 2905 410 3024 mn,
455 2934 489 2997 et
526 2930 684 3017 potentia.
740 2929 785 2996 Et
822 2929 884 2995 hoc
921 2935 972 2995 est
1008 2931 1147 2996 tertium
1178 2953 1282 3018 genus
1318 2931 1505 3014 infinitatis,

287 3040 430 3116 eamean
454 3034 542 3120 quod
575 3053 643 3098 non
677 3037 728 3098 eat
759 3033 796 3097 in
827 3037 978 3099 creatura
999 3033 1242 3119 aliquomodo,
1277 3034 1335 3099 sed
1368 3035 1405 3098 in
1435 3035 1506 3100 solo

285 3104 426 3239 3333„
455 3136 617 3202 creatore.
663 3135 709 3202 ne
740 3136 777 3199 in
799 3135 860 3201 hoc
881 3156 1000 3222 genere
1022 3135 1199 3203 naniam
1229 3135 1378 3201 nanim
1409 3136 1506 3203 orea-

287 3238 422 3290 ancwin·
454 3237 536 3303 toris
573 3236 706 3303 excellit
743 3236 946 3304 infinitatem
979 3243 1138 3305 creaturae
1171 3239 1208 3303 in
1241 3237 1420 3303 infinitum.
1467 3238 1505 3304 Si

287 3306 410 3433 {mg
454 3360 533 3404 vero
555 3338 729 3425 loquamur
751 3340 791 3405 de
814 3339 982 3406 infinitate
1004 3341 1145 3406 secundo
1167 3340 1272 3417 modo,
1298 3340 1422 3406 scilicet
1446 3363 1507 3428 per

286 3442 422 3513 ¹19th-
454 3442 665 3528 negaticnem
696 3462 764 3506 non
790 3463 859 3508 esse
882 3447 917 3508 et
939 3442 1169 3530 corruptionis,
1192 3447 1280 3508 cerie
1302 3441 1372 3508 hae⁰
1394 3448 1446 3532 ,θεῖ
1468 3444 1505 3509 ῘΠ

286 3516 343 3553 Μ’
455 3544 527 3609 Deo
558 3566 632 3609 cum
663 3544 839 3631 negatione
871 3545 1008 3611 actualis
1041 3545 1267 3632 corruptionis,
1291 3550 1423 3611 etcum
1445 3567 1503 3613 ne·

453 3647 586 3734 gatione
622 3670 705 3735 pura
742 3649 900 3734 potentiae
932 3653 967 3714 et
1000 3647 1207 3714 habitudinis
1244 3647 1288 3713 ad
1324 3668 1392 3712 non
1426 3669 1496 3714 ease

284 3761 443 3839 minaria
455 3748 521 3815 Sed
552 3751 588 3814 in
625 3751 784 3817 aeviternc
821 3772 889 3816 non
923 3757 973 3817 est
1010 3753 1143 3838 negatio
1185 3750 1250 3815 nisi
1287 3751 1504 3836 corruptionis

285 3830 611 3946 ffirffim'aotualim
635 3853 713 3938 quia
735 3858 887 3919 creatura
908 3875 1036 3940 semper
1058 3858 1138 3941 apta
1160 3857 1241 3918 nata
1262 3856 1313 3918 est
1335 3874 1402 3917 non
1424 3875 1502 3934 asse,

284 3960 407 4040 aeexpr
454 3959 488 4019 st
509 3960 619 4041 potest
642 3956 683 4020 de
713 3956 764 4021 aui
797 3961 919 4022 natura
948 3978 1016 4021 non
1049 3977 1139 4038 esse3
1182 3956 1270 4042 quod
1302 3955 1390 4020 enim
1425 3977 1502 4021 con·

284 4023 430 4154 &3¹:⁸¹⁰sp
451 4056 603 4122 tinuatur
625 4079 693 4123 esse
716 4058 785 4143 ejus
808 4059 878 4124 sine
900 4058 1118 4144 corruptione,
1140 4058 1201 4123 hoc
1222 4062 1273 4123 est
1295 4078 1338 4123 ex
1352 4056 1503 4124 bonitate

452 4155 626 4237 Crantoris,
650 4161 707 4245 qui
739 4182 797 4247 per
826 4161 1034 4248 praesentiam
1056 4160 1240 4246 majestatis
1271 4159 1383 4225 omnia
1411 4164 1505 4226 tenet

451 4256 487 4319 in
509 4278 585 4325 esee.
639 4261 685 4328 Et
707 4262 782 4327 ideo
804 4268 897 4349 patet
919 4264 1007 4350 quod
1030 4263 1161 4329 duratio
1183 4267 1341 4330 creaturae
1363 4284 1430 4328 non
1452 4269 1503 4328 est

451 4360 586 4441 requalir
624 4363 791 4430 durationi
815 4364 986 4445 Creatoris,
1019 4366 1096 4433 licet
1133 4366 1373 4433 consideremus
1404 4365 1503 4432 dura·

585 4704 592 4733 ¹
605 4703 662 4755 Alio
673 4705 739 4756 moda
749 4709 882 4776 accipiar]
896 4711 980 4764 Aliter
991 4714 1104 4777 sumitur,
1116 4713 1146 4767 Β.
1160 4733 1167 4776 ;
1184 4715 1266 4778 modo,
1277 4730 1327 4766 om.
1337 4715 1367 4767 Τ.
