3586 5640
718 802 806 854 orus
827 802 945 855 mnus
1292 790 1358 888 3653

303 985 459 1046 naturam
491 977 602 1043 omnia
624 978 795 1056 elementa,
818 997 945 1042 necesso
972 980 1023 1040 ast
1047 975 1136 1061 quod
1165 976 1201 1040 in
1224 996 1359 1062 gencra-

303 1083 395 1148 tionc
439 1082 548 1146 mixta
593 1081 634 1145 ds
670 1085 760 1144 terra
801 1082 875 1144 tota
912 1083 1032 1143 natura
1071 1082 1170 1143 terrae
1208 1078 1357 1165 specifica

304 1186 504 1261 destruatur,
528 1189 563 1249 ct
593 1185 802 1247 removeatur
824 1186 945 1246 natura
976 1184 1084 1257 terrae,
1108 1181 1193 1245 sicut
1215 1181 1302 1265 ignis
1324 1186 1359 1245 et

304 1308 400 1372 aquae
431 1291 466 1352 et
499 1286 593 1362 aeris,
618 1286 697 1370 quia
729 1289 850 1348 natura
882 1282 991 1347 mixta
1022 1284 1063 1347 de
1096 1304 1184 1348 novo
1217 1283 1267 1346 fit.
1315 1283 1361 1346 Et

304 1387 392 1454 siout
413 1393 542 1453 naturae
564 1392 631 1453 tres
654 1388 867 1452 elementares
888 1389 1091 1450 renovantur
1113 1385 1150 1448 in
1172 1384 1233 1449 hoc
1254 1384 1362 1449 mixto

305 1512 435 1558 neccsse
466 1490 628 1575 estquod
659 1494 693 1554 et
715 1492 841 1574 quarta
888 1487 933 1552 Et
954 1487 1030 1552 ideo
1060 1487 1254 1573 imaginatio
1280 1485 1362 1550 falsa

303 1598 365 1674 est,
382 1616 457 1679 quae
480 1590 673 1677 dicitquod
696 1595 819 1654 natura
839 1589 929 1654 illius
951 1589 1105 1654 elementi
1128 1589 1218 1673 quod
1241 1589 1360 1654 subici·

306 1701 363 1761 tur
394 1697 431 1760 in
462 1694 674 1781 generatione
705 1698 874 1757 remaneat
906 1692 989 1757 citra
1019 1691 1248 1756 intentionem.
1294 1690 1360 1756 Sed

307 1801 437 1885 oportet
460 1797 549 1882 quod
570 1800 645 1860 tota
666 1800 788 1859 natura
817 1795 925 1859 mixta
946 1816 988 1860 ex
1011 1799 1154 1881 quatuor
1175 1798 1360 1859 renovetur.

352 1900 440 1965 Item
472 1899 501 1964 si
533 1903 622 1964 terra
653 1904 840 1964 remaneret
865 1903 946 1963 tunc
977 1920 1044 1964 non
1075 1902 1160 1963 esset
1193 1896 1361 1999 generatio

308 2001 408 2066 mixti
455 2001 496 2066 de
545 2001 678 2088 propria
715 1999 862 2080 materia,
895 2002 952 2065 sed
998 2000 1118 2066 mixtio
1155 1998 1361 2084 quanmdam

307 2126 428 2186 rerum,
443 2105 530 2169 sicut
556 2126 651 2189 aquae
678 2108 713 2169 ct
740 2103 808 2167 vini
835 2124 909 2167 cum
937 2103 1007 2168 oleo
1034 2109 1068 2168 et
1093 2104 1187 2182 lacte,
1213 2101 1268 2166 vcl
1297 2099 1363 2165 aiia

309 2207 503 2291 hujusmodi.
555 2206 618 2271 Sed
658 2206 730 2271 haec
767 2205 886 2270 mixtio
924 2226 992 2270 non
1028 2210 1079 2270 est
1115 2203 1284 2291 generatio
1321 2202 1362 2267 de

309 2309 460 2395 potentia
475 2310 632 2386 manua,
648 2329 708 2374 nec
723 2308 844 2374 veritas
859 2307 968 2385 mixti,
984 2329 1058 2394 quse
1072 2308 1113 2373 fit
1126 2329 1185 2394 per
1199 2311 1361 2372 naturam.

309 2411 523 2477 Manifestum
548 2416 598 2476 est
613 2412 716 2497 igitur
740 2413 826 2497 quod
843 2411 926 2477 falsa
940 2416 990 2477 est
1013 2412 1133 2499 positio
1149 2408 1361 2497 Anglicorum

308 2515 394 2579 sicut
418 2518 453 2578 et
476 2512 720 2578 Parisiensium.

358 2721 423 2788 Sed
446 2723 727 2810 qualitercumque
756 2724 886 2790 dicatur
917 2725 1025 2790 adhuc
1055 2725 1189 2790 videtur
1222 2723 1361 2810 quaestio
1376 2735 1522 2801 osgenera-

309 2825 513 2911 gravissima‚
545 2826 709 2910 quomodo
740 2831 882 2911 quatuor
912 2828 1075 2892 elemento
1109 2827 1235 2891 faciunt
1265 2848 1361 2891 suum
1374 2804 1504 2921 {fffffff

311 2948 425 3014 corpus
448 2930 591 2993 mixtum
609 2934 737 2993 natura
782 2928 977 2993 Aristoteles
993 2928 1029 2990 in
1044 2928 1170 2992 decimo
1187 2928 1362 3014 Metaphy-
1375 2937 1500 2991 elementa

310 3030 470 3095 sicorum¹
486 3032 587 3106 docet,
610 3030 681 3095 sine
696 3030 958 3094 contradictione
980 3029 1137 3114 possibili,
1154 3031 1242 3114 quod
1267 3051 1362 3094 omne

310 3132 456 3197 medium
483 3138 534 3197 est
561 3134 700 3197 duorum
732 3131 971 3196 contrariorum
994 3131 1215 3196 terminorum.
1274 3131 1362 3195 Nam

310 3235 409 3297 unius
435 3234 676 3299 contrarietatis
700 3256 768 3298 non
802 3238 880 3297 sunt
913 3233 978 3297 nisi
1001 3233 1066 3298 duo
1098 3239 1254 3311 extrema,
1278 3234 1363 3298 sicut

310 3357 369 3398 nco
391 3335 489 3398 unius
512 3335 692 3414 divisionis,
719 3341 758 3400 ut
784 3336 908 3421 allegat
938 3335 1169 3422 philosophus3
1199 3337 1279 3423 quia
1303 3337 1363 3401 im·

312 3436 466 3522 possibile
495 3443 545 3500 est
578 3438 665 3521 quod
699 3437 794 3523 plura
828 3438 955 3503 duobus
990 3440 1059 3504 sint
1088 3441 1260 3518 contraria,
1285 3461 1362 3526 ergo

312 3561 372 3603 nec
394 3543 461 3603 tres
483 3538 537 3603 vel
561 3545 703 3623 quatuor
729 3545 808 3604 sunt
834 3542 1005 3606 contraria
1052 3541 1118 3607 Sed
1141 3543 1207 3607 duo
1229 3547 1363 3608 tantum

313 3643 497 3707 adinvicem
529 3647 725 3727 comparata,
750 3643 800 3707 uti
825 3643 966 3708 calidum
990 3649 1025 3709 et
1045 3645 1212 3731 frigidum,
1236 3644 1363 3709 faciunt

313 3767 414 3810 unam
449 3744 725 3810 contrarietatem.
793 3746 893 3811 Unde
923 3745 975 3812 has
1013 3752 1156 3832 quatuor
1188 3746 1365 3832 qualitates

313 3870 380 3911 non
414 3852 493 3912 sunt
524 3847 709 3911 adinvicem
737 3849 912 3914 contrariae
942 3871 1002 3914 nec
1033 3855 1100 3914 tres
1131 3849 1273 3927 illarum,
1307 3851 1364 3915 sed

316 3951 392 4016 duae
414 3956 448 4015 et
472 3950 554 4015 dure.
603 3947 668 4014 Sed
691 3971 760 4014 non
783 3951 823 4015 fit
845 3951 992 4016 medium
1023 3951 1087 4015 nisi
1116 3952 1256 4016 duorum
1289 3974 1363 4018 oon-

312 4054 497 4131 trariorum,
530 4056 570 4117 ut
592 4051 789 4118 Aristotelcs
821 4055 915 4119 docet
945 4054 1030 4118 libro
1061 4054 1228 4140 praedicto.
1276 4054 1365 4142 Ergo

314 4162 353 4221 ut
387 4156 452 4220 erit
474 4178 540 4220 una
566 4159 688 4221 natura
714 4155 824 4220 media
850 4157 937 4223 inter
962 4156 1106 4221 calidum
1136 4160 1170 4222 et
1197 4157 1364 4245 frigidum,

314 4263 348 4324 et
369 4258 542 4323 humidum
571 4263 605 4324 et
631 4259 762 4338 siccum,
794 4259 841 4323 sio
870 4250 973 4345 igitur
1003 4264 1101 4324 erunt
1131 4259 1206 4326 duae
1236 4266 1364 4327 naturas

314 4361 431 4426 medice
465 4358 501 4425 in
534 4361 648 4426 mixto.
707 4361 773 4426 Scd
806 4361 860 4427 lue
892 4361 968 4428 duae
998 4367 1129 4429 naturae
1155 4363 1272 4432 mediae
1296 4386 1364 4430 non

904 4575 910 4581 .
925 4576 971 4582 -—-
994 4577 1365 4587 —...-———-..-—.--

696 4700 931 4767 Metcplsysicorum]
946 4717 971 4751 x„
984 4706 1009 4753 ir
