3586 5640
305 795 418 882 anna]
692 811 779 859 orus
801 809 962 859 rnurruu
1291 792 1355 864 157

351 981 498 1044 Primum
522 985 753 1066 argumentum
785 978 848 1044 suit
873 978 1140 1065 philosophorum
1167 1000 1225 1064 pro
1252 999 1356 1043 vacuo
1370 990 1524 1057 Argumenu

304 1083 483 1148 astruendo
506 1105 564 1168 per
588 1087 714 1146 motum
737 1082 953 1157 nutrimenti3
978 1082 1034 1145 aed
1050 1081 1111 1146 hoc
1125 1087 1356 1168 argumentum
1369 1058 1499 1176 {22:¹ssss

305 1208 372 1250 non
403 1186 505 1250 solvit
537 1185 730 1249 Aristotelea
759 1184 938 1248 secundum
971 1184 1157 1261 veritatem,
1190 1184 1246 1249 sed
1280 1204 1355 1248 eon·
1369 1192 1440 1241 rived
1451 1193 1516 1243 nom

305 1289 409 1353 vertit
424 1294 656 1374 argumentum
677 1308 787 1351 eorum
810 1291 926 1351 contra
948 1308 1010 1363 eos,
1028 1286 1146 1362 thecna,
1162 1285 1250 1370 quod
1266 1286 1356 1350 istud
1369 1259 1504 1376 {ffil'fn

306 1395 537 1477 argumentum
553 1394 604 1453 eat
619 1390 669 1452 ita
682 1390 766 1454 bene
782 1395 897 1454 contra
912 1388 993 1468 illos,
1012 1387 1097 1452 sicut
1112 1393 1226 1454 contra
1240 1388 1354 1475 ipaum.
1369 1391 1429 1441 uon.

308 1493 354 1557 Et
376 1492 465 1576 quod
487 1492 532 1555 sit
562 1494 678 1554 contra
701 1512 755 1554 eos
777 1496 871 1576 patet
901 1491 970 1569 sio;
993 1513 1070 1554 nam
1100 1491 1129 1554 ei
1153 1490 1356 1567 alimentum,
1369 1475 1491 1593 12:¹5⁰·

307 1595 384 1679 quia
399 1614 515 1679 corpus
529 1598 588 1669 est,
606 1614 671 1656 non
688 1593 864 1678 recipiatur
885 1593 920 1656 in
941 1593 1060 1657 solidas
1080 1598 1188 1679 partes
1206 1593 1356 1678 eorporie,
1466 1583 1472 1594 ’

307 1697 363 1760 sed
380 1696 414 1759 in
430 1696 518 1781 poris
533 1695 652 1772 vacuis,
669 1699 704 1758 et
727 1694 773 1758 ibi
796 1695 987 1781 coaguletur
1006 1695 1040 1758 in
1064 1717 1202 1772 carnem,
1220 1701 1254 1759 et
1277 1717 1358 1774 ossa,

308 1804 343 1862 et
367 1819 514 1874 nervum,
539 1803 574 1862 et
597 1800 715 1862 autera
728 1823 736 1877 ;
763 1802 843 1861 tunc
868 1818 935 1861 non
957 1797 1021 1862 erit
1045 1797 1286 1861 nutrimentum
1310 1821 1361 1863 so-

308 1901 376 1978 lidi,
401 1920 461 1964 nec
483 1903 697 1985 augmentum
728 1898 807 1983 ejnr,
839 1899 896 1962 sed
927 1899 1096 1984 generatio
1127 1920 1222 1964 novae
1245 1901 1361 1979 earnis,

309 2009 345 2067 et
375 2003 455 2066 novi
485 2001 575 2081 ossis,
600 2005 697 2066 extra
727 2022 857 2065 carnem
889 2005 924 2065 et
953 2023 996 2066 oa.
1053 2000 1119 2066 Sed
1150 2024 1222 2066 caro
1253 2008 1287 2066 et
1317 2024 1362 2082 os,

311 2105 362 2170 vel
389 2105 463 2184 alia,
488 2103 640 2190 indigent
671 2103 706 2166 iu
737 2103 852 2188 seipsis
882 2103 1086 2168 nutrimento
1113 2109 1147 2168 et
1176 2111 1362 2190 augmento,

310 2208 388 2293 quia
410 2208 445 2270 in
469 2205 547 2292 ipsis
578 2210 629 2270 eat
653 2204 836 2290 deperditio
867 2211 1000 2291 propter
1030 2207 1192 2270 actionem
1224 2208 1363 2271 elemen-

308 2317 429 2387 torum,
446 2331 520 2394 qnae
536 2309 634 2373 (lebet
648 2307 825 2371 restaurari
848 2308 884 2371 in
906 2330 961 2386 se3
984 2313 1018 2372 et
1040 2307 1113 2372 ideo
1132 2315 1261 2394 oportet
1277 2310 1363 2395 quod

310 2412 435 2496 aliquid
463 2411 522 2476 liat
548 2410 636 2474 infra
660 2415 770 2496 partes
797 2409 916 2474 aolidae
947 2411 1088 2497 corporis
1112 2412 1305 2476 nutriendae
1328 2419 1363 2479 et

311 2512 579 2599 augmentandae
624 2512 819 2576 Aristotcles
853 2534 930 2576 vero
962 2535 1028 2577 non
1063 2514 1163 2578 solvit
1192 2515 1297 2595 aliter,
1329 2521 1364 2580 et

311 2616 388 2680 lieet
414 2615 513 2696 istud,
540 2612 648 2701 qu0d¹
681 2613 805 2680 dictum
836 2621 895 2697 cst,
923 2616 1005 2681 velit
1028 2616 1142 2699 dicere,
1166 2622 1277 2683 tamen
1304 2640 1363 2685 neo

312 2718 373 2783 hoc
397 2718 564 2804 expressit.

358 2820 395 2884 Si
419 2826 530 2885 autem
546 2820 685 2885 velimus
708 2820 833 2885 solvere
857 2818 916 2883 hoc
939 2827 1179 2906 argumentum,
1195 2824 1364 2909 supposita

313 2922 519 3010 philosophia
552 2922 750 3000 Aristotelia,
785 2927 820 2987 et
854 2923 1023 3008 supposita
1057 2923 1208 3002 veritate,
1243 2925 1365 2990 scilieet

312 3025 400 3111 quod
423 3046 563 3090 vacuum
595 3046 662 3090 non
694 3029 764 3105 est3
798 3029 880 3088 tunc
902 3026 1041 3088 occurrit
1064 3025 1170 3108 major
1201 3026 1366 3091 dubitatio

313 3150 387 3216 quae
410 3128 454 3193 cit
477 3128 513 3191 in
535 3126 741 3191 naturalibus
764 3130 798 3190 et
821 3126 856 3189 in
878 3126 1048 3191 medicina.
1105 3127 1193 3191 Nam
1228 3129 1367 3214 ipsemet

314 3231 508 3297 Aristoteles
540 3252 607 3294 non
641 3229 745 3293 solum
777 3228 813 3292 in
848 3228 992 3313 capitulo
1026 3230 1066 3293 de
1093 3229 1215 3312 Vacuo,
1247 3236 1366 3316 quarto

315 3333 538 3418 Physicorum,
567 3331 696 3396 horruit
729 3331 813 3396 hauc
848 3329 1079 3396 dubitationen
1110 3333 1281 3419 explicare,
1309 3335 1366 3398 sed

314 3457 373 3500 nec
395 3435 453 3500 ubi
475 3456 517 3499 ex
540 3433 711 3521 principali
734 3433 902 3520 proposito
926 3432 1150 3500 determinat²
1184 3436 1225 3500 de
1260 3438 1366 3501 nutri-

315 3543 428 3602 mento
450 3542 485 3601 et
507 3541 696 3622 augmento,
713 3535 819 3600 voluit
835 3535 1013 3599 certificare
1034 3536 1074 3600 de
1089 3536 1150 3602 hcc
1164 3545 1366 3623 argumento.

316 3640 441 3705 Utrum
464 3639 563 3704 scivit
584 3638 694 3702 nescio
707 3662 714 3716 ;
747 3639 804 3701 aed
836 3637 902 3702 scio
924 3640 1011 3722 quod
1036 3638 1069 3702 in
1094 3639 1163 3723 ejus
1186 3641 1278 3704 libris
1301 3662 1366 3705 non

314 3743 521 3821 continetur3
545 3741 669 3805 seilicet
689 3740 724 3803 in
749 3739 889 3802 secundo
913 3740 953 3804 de
981 3740 1112 3819 Anima,
1140 3747 1174 3805 ct
1200 3743 1236 3805 in
1260 3743 1367 3827 primo

316 3844 357 3908 dc
381 3842 623 3922 Generationc;
657 3842 714 3905 ubi
753 3845 867 3905 tamen
899 3861 941 3904 ex
975 3841 1150 3927 principali
1183 3844 1368 3910 intentione

315 3947 411 4011 docet
434 3946 474 4009 de
497 3945 558 4009 lrac
579 3944 726 4009 materia.

361 4048 511 4129 Quilibet
533 4052 646 4112 autem
681 4050 790 4132 potest
813 4046 925 4110 videre
956 4045 993 4108 in
1027 4049 1125 4110 textu
1159 4048 1246 4132 quod
1273 4051 1364 4116 Aric-

316 4150 434 4216 toteles
456 4171 524 4214 non
547 4149 706 4213 certificat
728 4149 769 4213 de
792 4147 852 4213 hoc
864 4174 873 4228 ;
895 4152 930 4213 et
951 4148 1049 4212 aliter
1074 4153 1168 4235 patet
1195 4149 1264 4231 hoc,
1287 4155 1364 4238 quia

317 4273 430 4317 omnes
448 4250 561 4315 Latini
577 4249 774 4315 discordant.
821 4249 942 4314 Nullus
957 4248 1069 4315 enim³
1083 4251 1123 4316 de
1140 4253 1269 4338 magnis
1284 4256 1365 4322 dicit

315 4354 403 4419 sicut
434 4353 527 4433 aliua,
559 4351 617 4417 sed
647 4351 788 4437 quilibet
818 4352 916 4439 fingit
931 4353 1144 4420 Aristotelem
1167 4356 1251 4421 velle
1278 4360 1364 4444 quod

315 4456 415 4543 cupit.

352 4667 358 4697 ¹
372 4666 445 4729 istud,
456 4668 533 4734 quod]
553 4668 628 4727 idem,
646 4669 676 4720 T.

351 4745 526 4813 'deleminu2]
544 4746 624 4809 docet,
641 4747 671 4797 B.
