3586 5640
463 760 506 840 7'8
841 787 970 840 aeonnr
991 787 1137 842 ancoms
1349 774 1352 778 “
1427 779 1521 868 [cna

461 958 704 1046 praefemntur3
733 966 768 1028 et
797 966 909 1028 tamen
937 963 1101 1031 Averrods
1130 987 1198 1032 non
1227 965 1322 1053 plane
1349 958 1511 1032 deoamit¹

460 1064 668 1143 contrarium,
685 1068 720 1130 et
735 1063 905 1130 Avicenna
919 1063 984 1132 fuit
1006 1067 1112 1153 major
1128 1089 1176 1149 eo,
1191 1072 1226 1134 et
1240 1067 1425 1156 praecipuus
1440 1069 1514 1133 imi·

460 1166 549 1230 tator
574 1165 772 1245 Aristotelis,
799 1172 834 1232 et
860 1167 929 1232 dux
957 1190 993 1234 ac
1019 1169 1169 1257 princeps
1192 1169 1407 1257 philosophiae
1437 1174 1513 1256 post

366 1362 369 1368 .
460 1265 558 1347 eum,2
580 1273 621 1333 ut
644 1271 881 1334 commentator
907 1269 989 1334 dicit
1014 1291 1111 1357 super
1132 1272 1270 1338 tertium
1285 1271 1513 1338 Meteororum.
1624 1313 1629 1322 ·

335 1391 337 1395 ’
461 1367 507 1432 Et
536 1390 647 1435 omnes
670 1369 833 1456 sapientes
863 1371 924 1436 hoc
949 1370 1098 1437 fatentur
1110 1397 1117 1454 ;
1143 1379 1177 1438 et
1202 1374 1417 1461 philosophias
1444 1395 1512 1440 suae

459 1469 734 1557 complementum
748 1472 809 1537 hoc
825 1472 978 1538 ostendit.
1008 1472 1096 1539 Nam
1117 1474 1187 1561 ipse
1202 1480 1310 1542 totam
1334 1477 1512 1563 complevit

458 1571 705 1660 philosophiam,
730 1575 765 1638 et
790 1572 961 1661 vulgatam
983 1574 1020 1638 in
1046 1597 1114 1641 uno
1140 1577 1317 1658 volumina,
1341 1583 1376 1643 ot
1398 1600 1512 1644 secun·

459 1671 539 1740 dum
562 1675 728 1762 propriam
751 1673 967 1762 philosophiae
981 1675 1158 1742 veritatem
1185 1677 1221 1741 in
1245 1678 1319 1756 alio,
1344 1700 1420 1763 quae
1444 1701 1512 1745 non

457 1777 556 1843 timet
581 1776 666 1842 ictus
683 1776 871 1842 lancearum
894 1776 1198 1859 contradicentium,
1226 1785 1266 1843 ut
1292 1779 1433 1864 ipsemet
1463 1780 1510 1846 fo-

458 1882 549 1945 tetur
571 1877 608 1944 in
621 1878 756 1966 prologo
778 1877 856 1945 libri
871 1875 1156 1957 Sufficientiae‚³in
1180 1898 1247 1964 quo
1269 1878 1509 1965 philosophiam

457 1979 629 2068 vulgatam
651 1979 740 2068 apud
758 1979 969 2067 philosophos
994 1980 1156 2066 proponit.
1202 1979 1269 2047 Sed
1292 1979 1373 2066 quid
1399 2001 1509 2046 moror

457 2081 494 2147 in
519 2083 581 2163 hie,
606 2103 683 2148 nam
709 2083 881 2149 evacuatio
907 2081 1025 2148 erroris
1051 2082 1147 2147 istius
1177 2081 1276 2168 plena
1298 2081 1441 2148 habetur
1467 2104 1509 2149 ex

456 2185 536 2272 ipsis
559 2184 670 2252 verbis
693 2183 893 2250 Aristotelis
939 2180 1103 2262 Quoniam
1129 2205 1233 2270 quum
1257 2183 1347 2265 dicit,
1364 2185 1449 2251 sicut
1472 2185 1510 2250 in

458 2287 547 2352 omni
561 2291 682 2353 natma
703 2290 783 2351 eunt
802 2287 877 2363 duo,
893 2306 993 2373 agene
1017 2289 1051 2352 et
1073 2286 1223 2366 materia,
1239 2286 1285 2353 sic
1299 2290 1335 2352 et
1349 2285 1386 2351 in
1401 2286 1510 2352 anima

457 2387 605 2454 concedo.
651 2387 718 2453 Sed
743 2387 781 2452 in
803 2387 897 2452 nulla
917 2392 1038 2454 natura
1059 2387 1249 2454 coincidunt
1271 2410 1371 2477 agens
1386 2394 1421 2454 et
1441 2411 1511 2454 ma·

455 2489 540 2556 teria
550 2490 636 2554 sicut
650 2494 759 2577 partes
774 2487 854 2575 ejus,
870 2493 911 2554 ut
930 2489 1069 2576 ipsemet
1093 2490 1196 2568 docet,
1224 2492 1367 2557 secundo
1392 2491 1510 2578 Physi-

456 2589 589 2657 eomm⁴
619 2589 707 2655 Nam
729 2589 778 2656 ibi
792 2590 875 2656 dicit
898 2590 988 2677 quod
1013 2591 1153 2659 materia
1172 2612 1240 2658 non
1264 2591 1420 2658 coincidit
1434 2615 1509 2658 cum

456 2692 615 2760 efficiente
640 2692 677 2757 in
703 2690 818 2758 eodem
841 2694 1020 2759 secundum
1044 2714 1229 2775 numerum,
1250 2714 1311 2760 nac
1331 2696 1508 2759 secundum

456 2795 616 2884 specism3
650 2794 709 2861 sed
738 2794 845 2862 forma
874 2795 958 2862 bena
987 2795 1144 2863 coincidit
1176 2817 1251 2862 cum
1282 2793 1441 2862 efficiente
1473 2795 1510 2860 in

456 2898 568 2966 eodem
592 2895 769 2965 seeundum
796 2897 945 2984 speciem.
993 2896 1083 2963 Nam
1107 2896 1248 2963 efficians
1268 2895 1347 2963 facit
1368 2897 1508 2962 formam

455 3001 519 3067 sibi
543 2999 683 3066 similem
709 2997 890 3065 secundum
909 2997 1060 3087 speciem,
1076 3003 1116 3064 ut
1130 2999 1228 3064 homo
1247 3003 1386 3086 generat
1405 2998 1509 3064 homi·

455 3125 540 3183 nem,
571 3108 606 3168 et
635 3101 747 3168 asinus
776 3101 912 3167 asinum.
974 3100 1084 3182 Quare
1125 3100 1336 3166 manifestum
1371 3106 1421 3167 est
1451 3107 1509 3167 aut

454 3205 648 3271 Aristoteles
677 3203 848 3281 mentitur,
874 3208 909 3268 et
934 3203 999 3269 sibi
1025 3203 1089 3290 ipsi
1119 3202 1321 3283 contradicit,
1352 3208 1412 3269 aut
1440 3225 1509 3268 non

453 3310 505 3374 est
528 3307 614 3372 sicut
639 3305 789 3371 moderni
815 3305 940 3371 dicunt.
987 3303 1073 3385 Quia
1093 3305 1130 3369 in
1144 3305 1236 3370 nulla
1258 3325 1293 3370 re
1319 3305 1361 3370 de
1384 3305 1508 3370 mundo

453 3411 589 3497 posumt
603 3407 742 3473 materia
756 3412 791 3473 et
805 3407 948 3474 efficiens
962 3407 1061 3472 simul
1075 3428 1153 3484 esse,
1169 3407 1256 3473 sicut
1280 3407 1375 3473 docet
1395 3429 1507 3474 secun-

454 3513 497 3578 do
529 3510 752 3597 Physicorum,
777 3510 826 3575 ita
861 3511 950 3596 quod
987 3509 1056 3574 sint
1087 3509 1265 3574 secundum
1288 3509 1506 3576 substantiam

453 3637 544 3682 suam
559 3615 595 3678 in
610 3613 731 3693 eodem,
745 3617 779 3678 ct
794 3612 883 3698 quod
898 3613 966 3677 sint
980 3617 1089 3699 partes
1104 3610 1250 3697 ejudem
1264 3613 1322 3679 rei
1357 3611 1420 3678 Et⁶
1433 3613 1507 3679 ideo

454 3718 551 3785 debet
581 3715 700 3803 exponi
730 3715 819 3801 quod
849 3715 938 3794 dicit,
964 3719 1003 3779 ut
1029 3715 1157 3780 dictum
1183 3719 1253 3796 est;
1284 3716 1371 3801 quod
1397 3716 1445 3780 ait
1471 3715 1507 3779 in

453 3820 544 3888 omni
566 3825 686 3884 natura
709 3817 800 3882 etin
826 3816 943 3895 animo,
975 3815 1036 3881 hoc
1063 3821 1123 3897 est,
1147 3818 1184 3881 in
1207 3817 1297 3881 omni
1318 3818 1507 3904 operatione

453 3929 581 3990 naturae
595 3925 630 3987 et
645 3919 775 4001 animae,
791 3920 857 3984 duo
872 3917 1095 4004 requinmtur,
1112 3939 1213 4005 agens
1228 3923 1263 3983 ct
1277 3918 1423 3997 materia,
1439 3939 1506 3982 non

453 4032 565 4095 tamen
581 4023 670 4112 quod
685 4023 754 4089 sint
768 4025 879 4110 partes
894 4021 1049 4106 ejusdem,
1065 4018 1141 4087 vel⁶
1155 4020 1245 4106 quod
1260 4020 1329 4086 sint
1343 4020 1381 4084 in
1392 4019 1506 4085 eodem

488 4267 624 4335 ¹dacemit]
643 4266 769 4329 discernit,
787 4266 818 4318 Τ.
1005 4260 1506 4330 “quoodveocaturduptoed.a11iber

1004 4336 1623 4418 ‘⁴sr1ffialentie.’‘-01>usliujus,par.¹

487 4427 680 4496 'sufficiam
693 4383 898 4486 sufficientis'll!
899 4420 953 4474 ‘De
1036 4448 1133 4514 ,Μ’
1110 4464 1212 4499 ΗΜ
1190 4447 1326 4514 Μαι)

454 4518 469 4543 “
484 4511 524 4563 his
550 4507 717 4560 volumimhns
744 4505 795 4555 duo
840 4510 953 4553 ursum
1037 4555 1047 4584 ⁸

454 4597 472 4623 ⁴⁴
486 4589 622 4648 melota,
638 4585 747 4652 primam
763 4599 796 4634 eu
779 4519 855 4634 utemo
865 4596 952 4632 recun-

455 4660 950 4737 amffiqmpmeahabentlatint
1036 4656 1209 4726 ὐι1]ιιι,Τ.
