3586 5640
456 784 521 848 186
836 798 966 848 nocam
990 798 1137 851 nicoma
1419 782 1508 870 [cnr.

288 976 428 1057 relatione
456 973 557 1038 habet
586 973 722 1059 spiritua
752 974 795 1038 ad
824 974 932 1039 locum
962 975 1170 1061 corporalem,
1194 995 1300 1060 neque
1330 976 1372 1040 ad
1399 978 1510 1062 partes

287 1051 366 1109 Ῥω
456 1075 526 1156 loci,
558 1098 663 1162 neque
697 1077 740 1142 ad
770 1081 881 1164 partes
914 1076 1089 1144 distantia.
1145 1077 1190 1142 Et
1213 1077 1426 1143 confirmatur
1448 1078 1511 1143 hoc

456 1199 515 1265 por
547 1177 698 1264 quaedam
733 1179 921 1266 corporalia,
954 1202 1028 1265 quas
1062 1179 1140 1245 licet
1170 1178 1239 1245 sint
1272 1180 1362 1256 talia,
1394 1184 1510 1245 tamen

456 1302 523 1345 non
545 1281 670 1347 habent
678 1283 956 1368 comparationem
978 1281 1057 1349 nec¹
1080 1282 1123 1348 ad
1152 1283 1269 1363 locum,
1299 1304 1360 1348 nec
1382 1282 1508 1348 distan-

455 1382 539 1448 tiam
561 1384 767 1471 corporalem,
789 1389 830 1450 ut
852 1384 983 1462 Pascha,
1015 1389 1050 1450 et
1083 1384 1285 1465 Pentecoste,
1308 1389 1344 1450 et
1374 1385 1508 1463 Natale,

455 1507 523 1551 non
553 1487 681 1553 distant
710 1487 889 1553 secundum
911 1487 1027 1565 locum,
1050 1491 1085 1553 et
1116 1493 1229 1554 tamen
1260 1488 1330 1554 hacc
1361 1493 1511 1575 tempora

455 1595 638 1675 sequuntur
660 1595 789 1657 motum
810 1591 885 1658 coeli
907 1591 1113 1678 corporalem,
1137 1595 1172 1656 et
1193 1591 1240 1656 sic
1269 1590 1510 1677 quodammodo

455 1692 634 1779 corporalia
670 1698 770 1773 sunt3
808 1693 933 1759 nullam
966 1699 1078 1759 tamen
1111 1693 1236 1759 habent
1265 1694 1508 1781 proportionem

455 1795 498 1860 ad
521 1794 715 1860 distantiam
737 1796 943 1883 corporalem,
966 1801 1006 1862 ut
1029 1795 1151 1862 scilicet
1173 1796 1327 1862 dicantur
1349 1796 1510 1863 distantia

288 1880 419 1999 ἓξὲξ,
455 1898 608 1964 localiter.
654 1897 743 1986 Ergo
776 1899 872 1986 longe
901 1899 1012 1965 minue
1044 1899 1218 1966 notabitur
1251 1899 1409 1965 distantia
1439 1921 1508 1965 cor-

288 1963 399 2079 pendent
409 2031 443 2066 on
455 2001 575 2089 poralie
597 2006 747 2089 respectu
775 2003 919 2089 spiritus,
942 2024 1016 2068 cum
1039 2005 1170 2089 tempus
1191 2002 1237 2067 sit
1258 2024 1310 2066 res
1332 2002 1509 2088 corporalis

288 2083 417 2146 ⁰⁰¹P⁰¹⁹²¹
456 2103 706 2191 quodammodo,
730 2112 764 2171 et
787 2105 924 2191 spiritus
953 2105 1153 2171 nullomodo.
1201 2103 1248 2170 Et
1272 2125 1346 2170 cum
1369 2105 1509 2190 quaesivi

288 2156 427 2267 iiiiii}
455 2228 476 2271 a
512 2207 585 2273 viro
616 2207 866 2294 sapientissimo,
889 2207 1014 2274 seilicet
1044 2207 1149 2273 fratrc
1171 2205 1248 2272 Ada
1280 2206 1321 2272 de
1356 2207 1507 2288 Mariano,

287 2285 423 2347 ΨΜ
455 2310 618 2396 quomodo
656 2311 722 2376 fuit
759 2310 872 2376 anima
916 2310 1008 2376 beati
1053 2308 1222 2376 Ambrosii
1262 2308 1299 2374 in
1336 2309 1509 2396 sepultura

454 2409 544 2477 beati
574 2411 721 2490 Martini,
752 2412 923 2499 respondit
953 2413 1042 2498 quod
1068 2411 1229 2478 distantia
1258 2412 1434 2499 corporalis
1457 2435 1507 2478 re·

455 2518 569 2600 spectu
599 2513 720 2580 animae
750 2514 843 2579 nulla
872 2517 945 2594 est3
979 2519 1015 2580 et
1036 2514 1110 2581 ideo
1140 2514 1252 2601 potuit
1274 2514 1387 2579 anima
1417 2515 1509 2581 beati

455 2615 625 2681 Ambrosii
654 2615 868 2703 contemplari
893 2617 1010 2682 ‘omnia
1032 2639 1107 2703 quae
1128 2617 1265 2682 fuerunt
1285 2617 1322 2682 in
1345 2618 1509 2704 exsequiis

455 2719 546 2785 beati
584 2719 732 2798 Martini,
766 2720 944 2786 secumdum
981 2721 1069 2806 quod
1106 2720 1220 2786 divina
1256 2719 1435 2786 illustratio
1476 2720 1509 2788 ei

406 2891 408 2896 .
455 2821 583 2904 clamit,
606 2827 641 2889 et
662 2823 710 2888 ibi
731 2844 848 2911 corpus
877 2828 1084 2910 assumptum
1107 2844 1165 2910 per
1186 2822 1370 2910 angelicum
1392 2822 1509 2888 minia-

456 2924 577 2991 terium
611 2926 741 2993 ostendi
769 2927 898 3014 potuit,
936 2925 973 2991 in
1010 2948 1076 3012 quo
1104 2925 1352 2992 existimaretur
1387 2925 1507 2992 beatus

456 3027 657 3096 Ambrosius.
705 3029 782 3095 Pati
813 3029 919 3116 igitur
949 3033 984 3095 et
1017 3029 1144 3116 operari
1181 3029 1217 3093 in
1255 3028 1394 3094 diversis
1428 3027 1508 3095 locis

455 3136 574 3216 potest,
597 3132 777 3199 secundum
810 3132 895 3197 hanc
925 3132 1122 3218 opinionem,
1155 3131 1298 3218 spiritus,
1328 3131 1507 3198 seeundum

456 3235 544 3319 quod
559 3235 590 3299 ei
612 3241 663 3301 eat
685 3259 706 3300 a
728 3235 800 3300 Deo
828 3234 1029 3318 ordinatum,
1051 3235 1128 3300 licet
1149 3233 1337 3301 substantia
1358 3255 1419 3300 sua
1440 3255 1508 3299 non

455 3335 575 3402 habeat
597 3338 841 3424 proportionem
863 3339 906 3403 ad
928 3338 1035 3403 locum
1058 3337 1146 3403 hunc
1168 3345 1203 3402 et
1224 3337 1327 3402 illum.

287 3444 426 3512 Thedevil,
500 3440 546 3505 Et
575 3441 753 3508 seeundum
783 3440 845 3506 hoc
875 3441 1003 3506 facilius
1032 3440 1232 3529 intelligitur
1254 3440 1418 3526 quomodo
1440 3440 1507 3507 dae-

287 3513 415 3579 lh⁰⁸⁰⁰⁸
455 3564 567 3608 mones
598 3544 753 3609 dicuntur
781 3566 803 3609 a
831 3543 953 3609 sanctis
975 3547 1105 3630 portare
1127 3565 1255 3630 semper
1276 3543 1449 3623 infernum,
1472 3543 1508 3609 id

286 3584 415 3699 dividite
454 3651 506 3712 est
537 3669 669 3734 poenam
702 3642 833 3724 inferni,
856 3666 972 3712 secum.
1018 3645 1056 3712 Si
1086 3645 1175 3712 enim
1204 3668 1271 3711 non
1296 3646 1422 3711 habent
1443 3646 1508 3733 spi-

286 3714 444 3834 {fflfflei
455 3749 539 3816 ritus
577 3751 851 3838 comparationem
890 3751 934 3815 ad
970 3753 1080 3836 partes
1117 3749 1287 3816 distantiae
1322 3749 1507 3835 corporalis,

284 3856 342 3966 ffi
352 3849 416 3901 imm
456 3858 536 3919 tunc
572 3854 709 3932 daemon,
754 3852 1006 3940 praesentialiter
1043 3853 1161 3917 ardens
1198 3852 1233 3916 in
1273 3850 1401 3916 inferno
1438 3873 1506 3918 non

303 3929 316 3964 Ε
456 3955 549 4020 abest
586 3979 607 4020 a
644 3956 713 4022 loco
751 3978 943 4042 quocunque
981 3955 1068 4033 dato,
1106 3955 1188 4042 quin
1221 3954 1343 4041 poterit
1378 3953 1507 4041 operari

455 4079 494 4122 ea
530 4080 603 4144 quae
641 4060 672 4124 ei
710 4059 867 4145 permissa
903 4063 991 4138 sunt,
1028 4063 1068 4122 ut
1106 4062 1237 4122 tentare
1274 4057 1422 4123 homines
1462 4056 1506 4122 ad

453 4165 592 4246 peccata.
651 4160 739 4226 Nam
761 4161 864 4227 frater
886 4160 995 4226 Adam
1018 4160 1125 4226 dixit:
1162 4166 1181 4196 “
1197 4159 1291 4226 Sicut
1314 4160 1380 4225 duo
1402 4180 1504 4224 enun-

455 4268 473 4296 “
496 4262 626 4327 tiabilia
648 4285 715 4328 non
738 4263 864 4330 distant
885 4261 1042 4346 localiter,
1073 4285 1115 4328 ex
1137 4285 1197 4329 sua
1218 4262 1436 4350 proprietate;
1459 4262 1506 4328 sic

454 4369 472 4398 “
494 4385 554 4428 nec
577 4365 641 4429 duo
672 4365 814 4452 spiritus,
846 4372 886 4432 ut
917 4361 1029 4434 anima
1054 4365 1196 4432 hominis
1219 4366 1281 4448 hie,
1305 4370 1339 4432 et
1370 4364 1505 4453 spiritus

454 4472 472 4500 “
495 4465 653 4532 daemonis
686 4466 722 4530 in
754 4466 909 4534 infemo.’'
969 4470 1015 4535 Et
1048 4470 1094 4536 sic
1128 4470 1236 4557 angeli
1270 4475 1304 4535 et
1338 4468 1504 4536 daemones

922 4636 927 4640 .
942 4636 949 4640 .
964 4636 1273 4643 Α---ῇ-ῄοφυ.
1298 4634 1503 4642 -vW-..n

862 4721 869 4753 ¹
888 4721 944 4789 ner]
965 4735 1014 4774 om.
1027 4722 1058 4774 Β.
