3586 5640
310 814 346 902 1.]
644 831 875 883 cournrnruu
897 830 1023 881 ernon.
1294 817 1358 881 ³95

307 1013 342 1071 et
371 1007 565 1093 apparentia
594 1006 665 1091 ejus
701 1006 892 1091 procedunt,
923 1010 958 1070 et
991 1004 1108 1069 saltem
1145 1004 1208 1069 sub
1241 1005 1366 1070 umbra

306 1113 342 1173 et
370 1109 476 1194 figura
505 1108 675 1195 sapientia
705 1107 847 1194 palliant
876 1107 988 1172 omnia
1010 1128 1084 1193 quae
1107 1113 1359 1193 prosequuntur,

307 1211 356 1274 ita
393 1210 482 1295 quod
520 1211 637 1276 saltem
675 1209 795 1275 volunt
832 1210 938 1276 videri
975 1213 1011 1275 et
1040 1209 1157 1276 dicunt
1194 1230 1228 1275 se
1265 1229 1360 1296 agere

307 1313 480 1399 sapienter.

352 1413 566 1479 Pulchritudo
595 1419 708 1479 tamen
737 1417 773 1479 et
793 1413 923 1480 utilitas
956 1418 992 1479 et
1013 1411 1265 1500 magnificentia,
1289 1434 1360 1501 spe·
1373 1424 1530 1493 Thenauty

307 1516 435 1581 cialiter
455 1517 493 1580 in
514 1516 660 1602 quinque
686 1517 856 1600 relucent;
885 1515 1040 1583 videlieet
1055 1521 1154 1603 prout
1176 1517 1360 1582 ventilatur
1372 1494 1527 1622 32¹5&

307 1620 343 1682 in
374 1619 494 1696 studio,
526 1619 794 1706 occupationibus
824 1619 928 1685 studii
950 1619 1125 1685 doctoralis
1154 1618 1294 1685 utilibus
1324 1625 1455 1686 etinthe

307 1721 498 1808 magnificis,
534 1722 570 1785 in
603 1721 693 1787 omni
726 1721 883 1788 facultate
920 1721 1059 1809 legendo
1093 1726 1129 1788 et
1150 1721 1360 1808 disputando,
1372 1691 1492 1755 ⁸⁰¹¹⁰⁰¹¹³

306 1835 340 1893 et
363 1828 488 1894 caeteris
510 1827 675 1893 exercitiis
696 1828 897 1894 scholasticas
922 1827 1110 1914 disciplima
1449 1852 1452 1861 ·

352 1931 502 1997 Secundo
525 1931 667 2017 qualiter
698 1931 863 2018 sapientia
899 1930 1041 1996 ecclesiae
1071 1929 1137 1996 Dei
1168 1935 1359 2017 comparata
1372 1937 1454 1990 urna

307 2057 378 2100 eam
414 2035 555 2111 ordinat,
592 2038 773 2121 promovet,
805 2039 840 2099 et
877 2033 992 2120 dirigit
1033 2032 1071 2097 in
1105 2055 1202 2099 omne
1235 2033 1360 2098 bonum
1372 2004 1494 2067 chami,

307 2137 488 2223 spirituale,
511 2142 551 2202 ιιι
572 2136 685 2202 fideles
707 2136 828 2201 futura
850 2134 1067 2200 beatitudinis
1089 2135 1261 2222 praemium
1283 2157 1359 2202 oon·

307 2245 494 2325 sequantur.

352 2341 499 2405 Tertium
526 2345 585 2421 est,
612 2350 651 2407 ιιι
681 2340 875 2428 disponatur
907 2338 1089 2428 respublica
1111 2341 1257 2407 fidelium
1283 2363 1358 2407 cum
1371 2349 1453 2402 ana

306 2441 551 2529 temporalibus,
579 2447 613 2508 et
642 2443 755 2508 omnia
776 2443 875 2508 utilia
903 2443 1049 2529 personis
1080 2447 1116 2509 et
1149 2443 1360 2509 multitudini
1372 2415 1461 2478 ⁸²¹²³

307 2567 366 2631 pro
405 2545 547 2610 sanitate
576 2565 750 2633 corporum
776 2547 1007 2625 conservanda,
1042 2552 1078 2612 et
1108 2547 1359 2634 prolongatione

307 2649 387 2713 vitae
409 2647 562 2728 mirabili,
586 2649 622 2713 in
647 2647 744 2715 bonis
765 2648 910 2715 fortunae
943 2670 981 2714 ac
1010 2670 1149 2729 morum,
1176 2655 1211 2715 et
1241 2650 1360 2716 discre-

307 2751 414 2831 tionis,
439 2755 473 2816 et
505 2750 595 2837 pacis
626 2773 664 2817 ac
689 2750 834 2837 justitia
865 2751 959 2833 fiant,
990 2752 1165 2818 ethorum
1195 2751 1361 2818 contraria

306 2853 479 2940 magnifice
501 2853 714 2940 repellantur.

350 2956 486 3037 Quarto,
509 2961 549 3020 ut
581 2977 692 3021 omnes
721 2954 875 3020 nationes
905 2953 1088 3019 infidelium
1114 2954 1526 3040 pradestinataeforeonver-

305 3059 348 3124 ad
385 3059 492 3124 vitam
530 3062 691 3123 aeternam
722 3060 957 3122 convertantur
994 3077 1116 3142 magna
1152 3055 1295 3121 efficacia
1324 3027 1518 3154 ‹rt⁵¹1„1⁰}¹,1{'f,¹{le

305 3161 410 3248 gloria
436 3159 515 3225 fidei
547 3160 756 3226 Christianae

351 3262 487 3341 Quinto,
520 3266 560 3325 ut
595 3262 654 3346 qui
680 3259 829 3326 converti
866 3280 933 3325 non
965 3263 1112 3347 possunt,
1142 3259 1286 3348 praesciti
1315 3260 1359 3328 ad
1372 3267 1505 3321 Nottobe

305 3365 480 3443 infernum,
508 3363 733 3448 reprimantur
765 3363 861 3449 longe
887 3363 994 3450 magis
1018 3385 1076 3449 per
1099 3363 1172 3429 viae
1196 3369 1231 3430 et
1260 3386 1360 3452 opera
1371 3351 1514 3468 ffiffiby

304 3466 483 3551 sapientiae,
500 3486 599 3550 quam
622 3487 680 3551 per
701 3465 788 3530 bella
807 3465 919 3530 civilia
937 3466 1103 3532 laieorum
1149 3466 1248 3547 Quod
1270 3467 1359 3532 enim
1372 3469 1432 3520 civil
1442 3483 1502 3521 w·

188 3632 190 3634 ,
304 3567 412 3632 la'r'cali
435 3567 582 3632 ruditate
604 3568 765 3654 turgescit
793 3589 862 3633 non
891 3566 994 3634 habet
1023 3570 1176 3634 effectum
1207 3569 1272 3634 nisi
1294 3569 1359 3635 for·

306 3671 404 3749 tuito,
435 3669 521 3734 sicut
554 3668 706 3733 videmus
736 3669 774 3733 in
805 3669 958 3734 omnibus
991 3669 1087 3735 bellis
1120 3693 1233 3736 eorum
1270 3671 1360 3736 ultra

305 3793 394 3836 mare
417 3775 452 3836 et
474 3770 580 3849 citra;
610 3770 667 3835 sed
697 3791 797 3857 opera
821 3771 992 3857 sapientire
1021 3778 1112 3838 certa
1133 3772 1205 3858 lege
1233 3773 1359 3838 vallan-

305 3880 369 3953 tur,
397 3878 432 3938 et
461 3872 498 3937 in
520 3872 620 3937 finem
647 3872 797 3938 debitum
827 3873 1001 3940 efficaciter
1030 3874 1221 3961 diriguntur
1233 3899 1242 3954 ;
1273 3875 1360 3940 sicut

304 3977 435 4062 antiqui
452 3974 616 4063 principes
633 3997 692 4062 per
711 3975 875 4063 sapientes
895 3976 1104 4063 philosophos
1124 3977 1251 4063 operati
1271 3981 1360 4043 aunt.

305 4080 394 4144 Nam
419 4078 560 4166 legimus
584 4078 674 4164 quod
698 4078 891 4144 Alexander
914 4079 1056 4166 Magnus
1082 4078 1217 4144 consilio
1243 4083 1279 4144 et
1307 4101 1360 4144 aa·

304 4181 432 4269 pientia
465 4180 656 4248 Aristotelis
690 4180 866 4261 destmxit,
897 4181 1003 4268 magis
1039 4202 1140 4267 quam
1178 4179 1360 4247 debellavit

307 4285 413 4350 decies
443 4289 584 4350 centena
605 4283 711 4348 millia
741 4283 923 4362 hominum,
948 4284 986 4349 in
1010 4283 1140 4350 duabus
1161 4283 1277 4371 primis
1300 4305 1360 4350 ex·

305 4386 531 4473 peditionibus
568 4391 685 4452 contra
713 4407 805 4474 reges
836 4385 984 4452 Orientis
996 4409 1005 4468 3
1035 4407 1110 4453 cnm
1147 4391 1261 4454 tamen
1290 4407 1359 4454 non

304 4490 425 4554 habuit
453 4490 491 4554 in
520 4510 580 4555 suo
614 4489 762 4556 exercitu
798 4488 864 4554 nisi
901 4489 969 4555 tria
1005 4493 1041 4556 et
1076 4489 1219 4578 triginta
1254 4490 1362 4555 millia

304 4592 462 4678 pediturn,
490 4597 526 4658 et
558 4597 702 4677 quatuor
735 4590 842 4657 millia
877 4591 1027 4678 equitum
1064 4593 1274 4682 quingentos,
1308 4592 1359 4658 ita
