3586 5640
451 731 517 801 430
829 746 959 801 socru
982 745 1130 803 ascerus
1416 732 1506 822 [car.

451 922 572 991 diendo
595 926 629 991 et
651 923 796 991 docendo
810 924 866 993 vel
888 923 962 991 dico
984 925 1162 992 veritatem
1184 923 1343 993 iratribus
1364 925 1506 994 istorum

451 1025 612 1105 ordinum,
645 1031 679 1092 et
710 1027 816 1093 scribo
839 1027 928 1114 qued
961 1028 1182 1114 respondeant
1204 1027 1286 1095 mihi
1309 1027 1385 1099 huic
1408 1051 1506 1117 argu·

452 1133 584 1196 mento:
624 1129 788 1217 Discipuli
818 1136 898 1197 sunt
928 1129 1074 1197 haeretici
1105 1136 1139 1197 st
1170 1152 1384 1217 praesumeres
1407 1132 1516 1207 Anti.

452 1231 575 1313 christi,
613 1237 654 1298 ut
691 1255 751 1298 vos
784 1234 904 1313 dicitis,
936 1238 970 1298 et
1008 1255 1147 1313 verum3
1185 1233 1290 1320 igitur
1328 1256 1387 1301 vos
1425 1235 1505 1302 estis

451 1334 596 1401 haeretici
619 1339 653 1402 et
676 1335 828 1423 discipuli
851 1333 1058 1403 Antichristi.
1103 1334 1171 1402 Sed
1208 1334 1338 1403 nullum
1371 1336 1505 1407 invenie

452 1437 511 1523 qui
544 1437 704 1504 dissolvat
738 1442 980 1526 argumentum,
1014 1436 1092 1505 licet
1125 1458 1239 1503 omnes
1276 1443 1399 1525 negent
1429 1461 1505 1506 con-

452 1539 636 1607 clusionem
684 1541 747 1607 Pro
793 1545 883 1608 certo
925 1540 1030 1628 igitur
1073 1540 1224 1625 sequitur
1261 1541 1425 1608 conclusio
1462 1565 1505 1609 ex

452 1643 637 1730 preemissis,
661 1643 725 1709 nisi
757 1644 836 1731 quia
862 1647 970 1710 status
1001 1648 1136 1709 sanctus
1167 1645 1226 1722 est,
1253 1647 1288 1710 et
1318 1643 1506 1711 innocentia

351 1743 353 1746 ’
448 1744 611 1830 juvenum
649 1747 850 1814 intrantium
891 1746 952 1813 hos
995 1745 1126 1815 ordines
1163 1745 1330 1819 salvarent
1366 1768 1422 1819 eos
1461 1747 1505 1816 ab

452 1848 569 1919 haeresi
592 1855 626 1917 et
648 1872 669 1918 a
691 1851 791 1917 titulo
813 1848 1022 1917 Antichristi.

497 1951 564 2021 Sed
585 1974 644 2040 pro
667 1959 756 2020 certo
770 1974 838 2020 non
857 1955 936 2019 sunt
959 1951 1121 2018 immunes
1136 1972 1157 2019 a
1171 1951 1379 2038 corruptione
1402 1952 1505 2020 studii

312 2046 343 2080 ¹¹⁰
452 2055 631 2142 sapientise,
660 2056 701 2122 de
724 2077 791 2141 qua
812 2058 1018 2142 praesumunt
1052 2057 1087 2120 et
1120 2052 1204 2121 nihil
1227 2053 1365 2141 dignum
1388 2055 1503 2125 sciunt.

451 2155 498 2224 Et
519 2157 593 2224 ideo
610 2158 701 2226 Deus
718 2157 844 2244 justam
859 2178 992 2247 poenam
1009 2155 1126 2225 intulit
1144 2155 1200 2236 eis,
1217 2160 1252 2222 et
1274 2156 1425 2243 permisit
1448 2179 1504 2224 eos

451 2259 641 2345 exprobrari
670 2260 706 2326 in
728 2259 866 2325 solemni
888 2259 999 2324 studio
1022 2281 1043 2323 a
1068 2256 1237 2344 discipulis
1259 2257 1336 2339 suis,
1351 2281 1410 2345 per
1431 2259 1504 2326 viss

451 2365 486 2428 et
507 2363 663 2428 exercitia
693 2362 883 2429 scholastica
916 2361 1062 2447 legendo,
1096 2360 1305 2448 disputando,
1329 2367 1363 2429 et
1386 2362 1504 2448 praedi-

450 2464 561 2544 cando,
586 2470 621 2530 et
644 2464 838 2545 scribendo;
876 2468 915 2528 ut
942 2464 1061 2530 saltem
1095 2463 1140 2530 sie
1173 2463 1333 2550 flagellati
1367 2465 1502 2532 tandem

450 2567 642 2654 resipiscant
675 2567 718 2633 ab
741 2587 848 2632 errore
870 2565 982 2646 studii,
1021 2567 1107 2633 sicut
1135 2565 1198 2635 filii
1233 2566 1335 2633 Israel
1357 2570 1502 2655 corrupti

450 2691 556 2736 errore
578 2669 660 2757 legis
676 2669 740 2734 Dei
754 2668 912 2756 flagellati
934 2673 1056 2735 sunta
1077 2669 1227 2757 pessimis
1256 2669 1445 2736 hominibus
1467 2677 1503 2740 et

448 2774 604 2855 correcti3
628 2793 768 2860 quorum
790 2771 1008 2860 flagellatores
1031 2771 1121 2838 Deus
1144 2773 1312 2840 destruxit
1333 2773 1499 2844 finaliter:

447 2878 492 2943 sic
529 2877 678 2943 destruet
716 2874 807 2941 Deus
841 2875 922 2940 istos
959 2875 1137 2953 saeculmes,
1177 2875 1235 2961 qui
1271 2876 1502 2963 blasphemant

446 2980 590 3068 gretiam
617 2979 689 3057 Dei,
714 2974 788 3064 quae
819 2978 898 3043 data
928 2981 979 3042 est
1009 2977 1176 3065 religiosis.
1225 2977 1390 3058 Quoniam
1427 2986 1501 3047 tcta

447 3084 580 3148 ecclesia
594 3082 704 3148 tenuit
719 3103 822 3167 usque
837 3103 925 3147 nunc
940 3080 1029 3167 quod
1044 3084 1151 3146 status
1174 3080 1340 3168 religionis
1363 3082 1407 3149 sit
1428 3105 1500 3169 per-

446 3185 560 3251 fectior
582 3190 673 3251 statu
695 3184 908 3250 secemarium.
955 3182 1021 3249 Sed
1042 3183 1193 3269 magistri
1212 3183 1357 3249 Parisios
1380 3185 1501 3256 docent

447 3288 488 3354 de
509 3288 608 3374 plano
635 3288 844 3364 contrarium,
876 3293 910 3353 et
940 3285 1116 3372 multiplici
1139 3285 1355 3372 sophismate¹
1384 3289 1500 3356 confir-

446 3395 545 3456 ment.
593 3390 640 3454 Et
657 3389 728 3474 jam
744 3391 973 3456 coloraverunt
989 3389 1034 3454 sic
1049 3388 1236 3475 opinionem
1260 3412 1362 3470 suam,
1387 3396 1427 3457 ut
1441 3393 1502 3458 vix

445 3494 490 3560 sit
513 3513 660 3577 unquam
682 3491 835 3578 possibile
858 3497 898 3557 ut
920 3493 1109 3557 destruetur
1131 3490 1201 3556 lraec
1232 3491 1372 3572 haeresis,
1398 3495 1501 3562 donee

445 3595 648 3683 compleatur
674 3616 732 3681 per
755 3594 1008 3671 Antichristum,
1034 3593 1092 3678 qui
1116 3615 1191 3659 cum
1215 3593 1283 3661 suis
1313 3594 1501 3664 fautoribus

444 3723 465 3766 a
492 3699 634 3764 Domino
658 3697 682 3763 J
684 3720 741 3762 esu
768 3697 899 3764 Christe
924 3697 1120 3774 destruetur,
1146 3701 1182 3762 et
1206 3703 1387 3783 appareant
1405 3699 1499 3766 electi

446 3803 517 3881 Dei,
542 3806 576 3867 et
599 3801 744 3867 reluceat
769 3800 894 3866 veritas
923 3800 960 3866 in
989 3799 1050 3865 hoc
1081 3800 1212 3867 munde.
1260 3800 1499 3871 Oolcraverunt

446 3906 578 3992 quidem
608 3904 804 3991 nequissime
835 3903 1017 3969 sententias
1052 3924 1127 3967 suas
1157 3904 1193 3967 in
1228 3903 1298 3982 hoc,
1323 3905 1411 3990 quod
1442 3906 1498 3972 de·

445 4009 612 4074 duxerunt
648 4030 702 4073 eas
742 4007 785 4072 ad
824 4007 1043 4073 defensionem
1073 4010 1180 4071 status
1221 4006 1433 4092 praelatorum
1464 4013 1498 4074 et

445 4111 571 4176 demini
597 4133 691 4198 papae
719 4115 752 4175 et
776 4111 1008 4197 episcoporum,
1040 4113 1220 4174 asserentes
1250 4110 1338 4194 quod
1369 4109 1497 4196 praelati

447 4220 525 4278 sunt
554 4214 590 4278 in
620 4213 737 4298 majori
767 4213 966 4299 perfectione
996 4211 1219 4290 ecclesiastica,
1252 4213 1353 4278 etiarn
1384 4234 1496 4278 sccun-

743 4632 750 4662 ¹
764 4630 919 4701 sophismate]
939 4628 1189 4696 commasticans.
