3586 5640
725 793 810 844 oros
832 794 948 846 muns
1294 781 1356 852 371

311 961 375 1027 nisi
413 965 562 1029 sumatur
596 963 767 1049 equalitas
800 964 848 1030 ibi
882 967 917 1028 in
956 971 1112 1052 respectu,
1145 967 1234 1050 quali
1272 989 1357 1033 com·

311 1063 419 1149 plexio
441 1065 585 1130 humana
614 1065 735 1130 dicitur
769 1066 905 1151 aequalis
935 1072 1082 1151 respectu
1113 1066 1253 1132 eliorum
1287 1070 1357 1133 ani-

310 1163 454 1246 malium,
492 1170 527 1231 et
564 1172 726 1251 quantum
775 1167 913 1232 debetur
950 1166 1102 1232 humanae
1139 1169 1265 1254 speciei,
1301 1169 1358 1234 sed

310 1263 460 1332 absoluta
481 1286 550 1332 non
571 1269 683 1354 potuit
704 1287 779 1333 esse.
826 1267 872 1333 Et
893 1269 963 1334 haec
985 1269 1155 1354 aequalitas
1177 1271 1359 1355 respectiva

310 1368 508 1450 qualitatum
547 1369 730 1434 sativarum
756 1368 877 1435 dicitur
901 1390 1013 1435 osaea
1042 1370 1176 1435 medicis
1199 1377 1234 1434 et
1265 1371 1359 1435 theo·

308 1467 392 1554 logis
421 1471 592 1555 aequalitas
616 1471 768 1556 justitias.
829 1470 896 1536 Sed
924 1471 994 1536 hacc
1016 1489 1084 1536 non
1108 1476 1160 1536 est
1182 1469 1356 1557 aequalitas

310 1589 390 1634 vera
412 1591 472 1636 nec
493 1571 642 1637 absoluta
664 1572 705 1637 de
728 1595 793 1658 qna
814 1573 985 1657 loquimur.

356 1669 444 1737 Item
479 1671 515 1737 in
552 1673 660 1738 Adam
698 1694 766 1738 non
802 1672 867 1738 fuit
898 1675 1069 1759 aequalitas
1107 1674 1259 1739 humanae
1300 1694 1357 1737 nae
1370 1699 1487 1751 Thoar·

311 1773 405 1852 turae,
437 1792 514 1838 nam
544 1774 614 1840 haec
647 1774 716 1839 sola
745 1779 796 1839 est
825 1780 900 1860 post
929 1775 1205 1840 resurrectionem.
1264 1768 1524 1884 Tumddffideo

311 1873 399 1938 enim
435 1874 579 1940 humana
621 1881 740 1941 natura
786 1874 1003 1961 complebitur
1046 1880 1207 1960 quantum
1245 1895 1356 1961 capere
1369 1899 1502 1961 explained

309 1979 418 2060 potest
455 1977 496 2042 de
534 1976 747 2062 aequalitate;
792 1995 870 2061 ergo
907 1975 1077 2060 aequalitas
1114 1978 1183 2041 haec
1215 1975 1357 2062 justitiae
1367 1964 1515 2031 physiaauy.

309 2094 376 2140 non
398 2073 464 2142 llrit
485 2078 522 2141 in
544 2098 591 2141 eo.
639 2076 724 2141 Cum
754 2075 857 2160 igitur
886 2076 1001 2142 dicunt
1033 2077 1121 2162 quod
1155 2077 1191 2140 in
1225 2097 1263 2140 eo
1292 2075 1357 2142 fuit

310 2177 482 2261 aequalitas
512 2176 704 2262 simpliciter
737 2179 775 2239 et
812 2177 963 2242 absoluta
1000 2184 1060 2243 aut
1092 2178 1234 2264 justitiae
1271 2178 1355 2242 mul-

309 2281 383 2340 tum
413 2276 600 2341 detrahitur
625 2275 768 2340 veritati.
830 2277 880 2342 De
906 2276 1018 2343 fructu
1050 2299 1129 2344 vero
1156 2279 1213 2344 illo
1248 2283 1358 2366 potest

310 2378 375 2444 dici
414 2378 502 2463 quod
531 2397 599 2443 non
631 2376 697 2442 fuit
729 2377 865 2462 aequalis
909 2379 1143 2465 complexionis
1180 2380 1358 2444 secundum

309 2484 451 2564 quatuor
488 2479 690 2566 qualitates3
735 2499 813 2542 nam
850 2477 1045 2544 alimentum
1083 2481 1303 2566 corrumpitur
1339 2501 1360 2543 a

309 2586 430 2644 natura
455 2600 515 2645 sua
543 2579 713 2666 specifioa;
750 2584 785 2643 et
815 2579 861 2644 sic
883 2601 957 2645 caro
983 2584 1018 2644 et
1041 2579 1091 2645 os¹
1120 2582 1212 2646 etin
1242 2586 1359 2646 caetera

308 2681 456 2746 membra
485 2681 695 2757 convertitur,
728 2681 906 2746 secumdum
937 2681 1159 2747 Aristotelem.
1206 2682 1252 2746 Et
1285 2682 1359 2746 ideo

308 2802 375 2847 non
406 2787 456 2848 est
486 2782 542 2848 ille
574 2782 700 2848 fructus
720 2792 779 2868 vper
811 2782 1035 2867 aequalitatem
1058 2783 1262 2868 compositus,
1301 2783 1358 2846 sed

307 2904 407 2969 prope
448 2882 522 2949 fuit.
586 2884 730 2969 Corpora
775 2903 854 2947 vero
899 2883 935 2945 in
979 2884 1212 2946 resurrectione
1260 2887 1358 2945 erunt

307 2985 506 3052 immortalia
543 2991 677 3071 propter
724 2982 948 3068 aequalitatem
985 2987 1055 3045 tam
1093 2982 1128 3044 in
1163 2980 1357 3044 damnandis

307 3107 406 3171 quam
443 3085 672 3172 glorificandis,
712 3089 746 3146 et
784 3088 895 3146 tamen
933 3081 968 3144 in
998 3101 1097 3166 poena
1127 3080 1356 3145 damnatorum

307 3187 371 3250 erit
397 3187 508 3270 aliqua
537 3185 627 3250 laesio
656 3183 859 3247 naturalium
892 3201 964 3245 cum
992 3180 1168 3247 afflictione
1198 3181 1358 3246 ineffabili

307 3291 342 3350 et
368 3292 534 3371 perpetua
590 3284 678 3349 Nam
710 3283 953 3369 perpetrabitur
975 3282 1117 3361 afflictio,
1142 3284 1220 3369 quia
1242 3304 1357 3370 corpus

307 3387 371 3450 erit
397 3385 589 3449 immortale.
636 3385 682 3448 Et
715 3385 778 3449 erit
808 3383 1032 3462 intolerabilis,
1068 3388 1146 3471 quia
1169 3408 1266 3473 super
1302 3387 1357 3451 vel

307 3491 421 3552 contra
450 3490 603 3549 naturam
640 3486 723 3566 erit;
769 3486 847 3571 quia
869 3485 955 3571 ignis
977 3487 1033 3571 qui
1063 3491 1140 3573 aget
1171 3488 1207 3550 in
1241 3510 1356 3573 corpus

306 3590 500 3654 damnatum
515 3587 667 3651 nouerit
689 3585 777 3672 ignis
799 3586 961 3650 naturalis
976 3586 1082 3672 qualis
1104 3593 1154 3652 est
1176 3587 1265 3672 apud
1287 3608 1354 3664 nos,

305 3691 363 3755 sed
392 3689 462 3754 sine
493 3687 734 3773 comparatione
762 3687 905 3765 excedet,
936 3692 971 3751 et
1002 3689 1065 3753 erit
1099 3689 1355 3752 instrumentum

258 3781 261 3787 ¹
306 3791 428 3857 divinae
446 3789 597 3876 justitiae,
613 3809 651 3853 ac
673 3788 771 3852 faciet
801 3789 939 3873 speciem
958 3788 1076 3853 fortem
1103 3810 1177 3873 quae
1201 3789 1356 3853 continue

305 3892 439 3979 affliget.
486 3891 532 3956 Et
554 3896 667 3956 tamen
688 3911 755 3954 non
782 3889 876 3954 tollet
906 3889 1127 3973 aequalitatem
1150 3889 1208 3954 sed
1230 3888 1356 3974 aliquid

305 3996 345 4060 de
383 3993 571 4059 substantia
617 3991 736 4077 aequali
779 3990 890 4072 laedet,
930 4011 996 4075 qua
1033 3991 1163 4057 laesione
1201 3991 1260 4055 flet
1297 3989 1356 4053 illa

304 4095 445 4162 afflictio.

349 4199 395 4264 Et
410 4203 461 4263 est
475 4196 580 4262 simile
596 4197 632 4260 in
647 4195 840 4263 ooelcstibue.
887 4192 922 4258 N
923 4215 977 4257 am
1000 4194 1078 4258 licet
1096 4193 1175 4257 luna
1191 4197 1225 4258 et
1248 4192 1353 4258 stellae

304 4303 372 4368 sint
391 4300 617 4388 incorporales,
632 4304 745 4364 temen
760 4302 899 4386 possunt
914 4296 1048 4361 alterari
1066 4317 1124 4385 per
1145 4296 1251 4362 lucem
1266 4294 1350 4375 eolis,

661 4647 870 4719 {succrescas}
891 4647 994 4700 sous.

1104 4754 1129 4804 A
1150 4739 1217 4802 A2
