3586 5640
759 744 846 846 orus
867 796 986 848 mnus
1338 782 1405 854 347

354 970 608 1036 translationum
627 971 801 1056 disputare.
847 970 968 1034 Totum
989 972 1077 1036 enim
1099 970 1297 1057 Hieronymi
1317 968 1406 1056 quod

333 1072 513 1145 ,habemus
547 1075 583 1136 in
613 1072 758 1158 antiquis
789 1071 916 1150 Bibliie‚
941 1075 976 1137 et
1007 1074 1042 1136 in
1075 1073 1234 1159 originali,
1258 1073 1328 1138 lnec
1359 1073 1407 1136 di·

356 1176 537 1240 versimode
576 1175 653 1240 hinc
691 1176 767 1239 inde
805 1175 1002 1259 aliquotiens
1039 1176 1260 1240 transtulerat.
1319 1175 1408 1254 Qua-

355 1282 487 1362 propter
517 1277 723 1341 concluditur
757 1277 935 1340 neoessario
970 1297 1012 1342 ex
1043 1277 1094 1339 his
1126 1277 1286 1356 omnibus,
1318 1275 1406 1361 quod

356 1380 528 1443 translatio
559 1386 608 1443 est
647 1379 844 1464 Hieronymi
878 1401 976 1463 quarn
1006 1400 1066 1442 nos
1103 1385 1260 1443 tenemus.
1322 1377 1406 1443 (lum

356 1480 458 1564 igitur
480 1481 600 1566 vulgus
622 1481 849 1567 theologorum
874 1481 935 1544 hoe
958 1481 1097 1566 ignorat,
1120 1486 1156 1545 et
1178 1481 1408 1545 contradicunt

358 1582 463 1657 multi,
487 1588 521 1648 et
542 1583 600 1647 alii
622 1584 786 1659 dubitant,
815 1606 890 1667 quas
916 1584 961 1647 sit
991 1583 1166 1647 translatio
1193 1605 1292 1668 quam
1314 1582 1408 1668 sequi

357 1684 506 1763 debeant,
545 1706 672 1750 necesse
711 1690 762 1750 est
807 1685 987 1770 quemlibet
1032 1706 1133 1749 unum
1171 1685 1312 1770 recipere
1349 1706 1407 1770 pro

357 1787 430 1865 alio,
465 1792 499 1851 et
536 1787 749 1872 improprimn
788 1809 847 1872 pro
885 1787 1027 1872 proprio,
1065 1793 1100 1851 et
1137 1787 1311 1872 multiplex
1349 1785 1409 1850 fal-

357 1910 429 1952 sum
467 1911 525 1974 pro
562 1910 647 1953 vero.
710 1889 793 1954 Oura
831 1889 935 1973 igitur
972 1910 1039 1952 una
1076 1892 1126 1952 est
1163 1888 1334 1953 translatio
1371 1889 1408 1952 in

358 1991 510 2056 omnibus
543 1990 636 2055 libris
675 1991 879 2068 Latinorum,
919 1994 953 2054 et
990 1994 1041 2053 est
1076 1989 1134 2053 illa
1167 2011 1265 2074 quarn
1303 1990 1408 2075 primo

359 2090 584 2176 Hieronymus
626 2091 824 2170 transtulit3
870 2090 949 2175 quia
993 2091 1168 2155 secundam
1213 2091 1290 2156 feeit
1334 2113 1409 2156 oum

357 2195 562 2278 expositione
596 2193 714 2257 suain
744 2192 906 2278 originali,
945 2193 1121 2257 translatio
1155 2215 1254 2279 quam
1286 2193 1409 2278 recepit

356 2295 491 2359 ccclesia
536 2295 763 2380 multipliciter
800 2295 1007 2380 depravatur.
1069 2294 1166 2374 Quod
1203 2295 1305 2380 aliqui
1341 2316 1409 2359 non

357 2400 566 2464 considerant
587 2399 625 2462 in
647 2398 861 2484 originalibus
876 2405 1072 2475 sanctorum,
1089 2401 1168 2485 quia
1189 2399 1409 2464 translatione

358 2502 410 2565 usi
436 2506 515 2566 sunt
536 2501 649 2588 primo.
698 2500 784 2566 Cum
807 2506 919 2565 tamen
941 2500 1011 2566 haec
1035 2502 1099 2566 fuit
1115 2502 1335 2588 Septuaginta
1357 2502 1408 2565 in·

357 2608 539 2688 terpretum
562 2603 692 2667 Veteris
715 2602 928 2683 Testamenti,
950 2607 985 2667 et
1015 2602 1089 2668 ideo
1113 2624 1186 2669 cum
1209 2605 1315 2669 saneti
1329 2603 1408 2669 reci·

358 2711 434 2770 tant
456 2706 556 2770 verba
588 2705 766 2792 Scriptmas
803 2707 984 2771 secundum
1021 2706 1112 2770 illam
1149 2707 1409 2786 translationem,

357 2813 479 2893 putant
500 2808 578 2893 quia
599 2828 667 2871 una
693 2818 727 2873 et
749 2809 863 2872 eadem
890 2812 950 2886 est,
982 2829 1082 2892 quam
1114 2809 1259 2893 allegant
1281 2808 1410 2886 sancti;

357 2920 488 2996 atquae
519 2910 618 2975 debet
650 2931 718 2975 essa
756 2930 844 2973 nunc
876 2909 911 2971 in
943 2908 1053 2972 Biblia
1086 2910 1289 2986 Latinorum,
1321 2911 1409 2994 quod

357 3035 423 3077 non
462 3018 512 3078 est
549 3033 673 3076 verum.
729 3011 775 3074 Et
805 3010 878 3074 ideo
917 3009 1085 3093 corrigunt
1123 3013 1158 3074 et
1195 3015 1410 3095 corrumpunt

356 3120 489 3180 textum
519 3136 577 3200 per
607 3113 692 3177 hanc
713 3111 813 3190 viam,
846 3111 931 3174 sicut
955 3115 1045 3195 patet
1077 3132 1136 3195 per
1158 3112 1346 3197 exemplum
1368 3112 1409 3177 de

357 3240 454 3282 corvo
477 3219 514 3279 in
538 3215 666 3292 Genesi,
698 3219 737 3277 ut
760 3232 888 3297 expono
912 3211 1067 3296 inopere
1090 3214 1177 3297 quod
1208 3213 1316 3278 mitto.
1363 3214 1410 3281 Et

359 3319 510 3381 similiter
547 3315 612 3379 alia
649 3320 728 3378 sunt
766 3312 899 3377 infinita
940 3315 1101 3400 exempla.
1163 3314 1209 3380 Et
1246 3315 1409 3404 praecipue

358 3419 477 3482 accidit
505 3417 679 3502 corruptio,
702 3415 781 3500 quia
802 3419 877 3480 tota
898 3414 952 3480 die
975 3421 1107 3483 muts-nt
1129 3423 1261 3485 textum
1284 3441 1327 3484 ex
1349 3420 1410 3485 hac

359 3541 462 3587 eausa.
509 3518 631 3597 Sancti,
654 3523 689 3581 et
712 3515 856 3581 maxime
880 3516 1110 3604 Hieronymus,
1133 3522 1274 3587 recitant
1298 3543 1409 3587 omnes

359 3621 592 3688 translationes
613 3618 656 3683 ad
678 3618 817 3683 eandem
839 3620 1040 3685 sententiam
1069 3628 1202 3708 propter
1231 3623 1409 3710 pleniorem

359 3723 605 3811 expositionem.
652 3719 753 3785 Multi
774 3742 854 3786 vero
876 3742 944 3786 non
974 3724 1218 3789 considerantes
1248 3724 1408 3789 rationem

360 3825 624 3901 translationum,
647 3824 787 3889 credunt
809 3824 898 3909 quod
920 3829 998 3889 sant
1020 3824 1094 3890 aliae
1124 3826 1230 3892 literae
1263 3827 1410 3911 ejusdem

359 3927 605 3997 translationis:
649 3931 685 3990 et
720 3930 800 3992 tanc
840 3927 992 3991 inserunt
1028 3927 1066 3990 in
1102 3932 1233 3993 textum
1269 3928 1410 4008 literam,

360 4054 459 4117 quam
481 4030 586 4117 magis
606 4026 805 4115 intelligimt
845 4027 891 4093 Et
913 4029 959 4093 sic
980 4028 1147 4094 infinitam
1168 4031 1411 4116 corruptionem

359 4135 528 4199 inducunt.
574 4131 711 4210 Iterum,
750 4128 800 4193 illi
832 4129 890 4215 qui
924 4131 1136 4218 compositam
1161 4132 1410 4198 translationem

357 4240 496 4325 ponunt,
512 4233 562 4297 illi
584 4236 785 4319 componunt
800 4237 840 4298 ut
854 4233 995 4313 volnnt;
1034 4255 1113 4299 nam
1135 4234 1290 4322 allegant,
1322 4237 1411 4323 quod

358 4341 457 4405 litera
472 4337 591 4402 Bibliae
614 4340 666 4401 est
691 4335 871 4420 composita
886 4357 928 4401 ex
950 4336 1070 4403 multis.
1117 4337 1163 4403 Et
1185 4338 1261 4404 ideo
1281 4343 1411 4426 ponunt

360 4442 449 4529 quod
481 4440 669 4519 voluntat
693 4438 898 4523 miscent,et
927 4444 1069 4521 mutant,
1098 4440 1210 4507 omnia
1239 4463 1313 4528 quae
1342 4463 1411 4507 non

360 4543 558 4628 intelligimt
604 4541 649 4607 Et
680 4541 808 4618 iterum,
832 4540 998 4627 accipiunt
1024 4565 1097 4629 quae
1126 4545 1247 4611 volunt
1269 4567 1288 4609 a
1310 4544 1411 4610 simili

360 4645 577 4713 translatione
605 4648 640 4711 et
661 4643 850 4730 composita,
867 4645 1056 4713 nouaclum
1075 4646 1118 4714 ab
1141 4647 1207 4714 illis
1223 4647 1410 4717 translatio-
