3586 5640
453 775 519 841 318
832 786 962 838 aosmr
984 785 1130 838 sscosrs

451 962 537 1028 siout
568 965 691 1041 auctor,
729 959 818 1046 quod
851 980 919 1025 non
953 963 1064 1046 potest
1100 958 1173 1024 fieri
1205 959 1276 1024 sine
1317 959 1507 1026 confusione
1618 968 1625 977 ’

452 1071 487 1130 et
524 1064 747 1129 destructione
791 1061 972 1149 sapientias,
1014 1062 1094 1146 quia
1133 1062 1204 1148 ejus
1248 1062 1373 1148 scripta
1409 1064 1507 1149 plena

451 1171 530 1231 sunt
566 1163 769 1230 falsitatibus
800 1169 835 1228 et
872 1162 1080 1228 vanitatibus
1117 1163 1268 1229 infinitis.
1324 1164 1506 1249 Nunquam

452 1267 528 1331 talis
562 1266 676 1331 abusio
707 1265 772 1329 fuit
808 1265 845 1329 in
882 1263 943 1329 hoc
983 1265 1115 1329 mundo.
1162 1265 1209 1329 111
1245 1266 1275 1331 si
1308 1265 1381 1331 dico
1418 1266 1507 1351 quod

450 1368 689 1454 ignoravenmt
711 1365 865 1431 scientias
889 1364 1044 1451 vulgatas
1081 1371 1116 1431 et
1139 1366 1229 1443 alias,
1255 1388 1330 1433 cum
1368 1367 1429 1432 hoc
1461 1368 1506 1433 sit

451 1491 579 1548 verum,
594 1491 663 1533 non
684 1467 825 1554 injurior
847 1467 903 1547 eis,
919 1489 979 1532 nec
1001 1467 1190 1554 ignorantia
1204 1473 1255 1533 est
1270 1467 1416 1547 infamia,
1432 1488 1506 1533 cum

450 1569 707 1635 innumerabiles
722 1569 788 1634 viri
809 1569 958 1634 valentes
980 1573 1014 1633 et
1035 1568 1167 1654 privati,
1192 1573 1262 1634 tam
1285 1569 1392 1635 clerici
1407 1591 1505 1656 quam

451 1672 536 1752 laici,
581 1673 736 1758 ignorant
783 1670 971 1756 hujusmodi
1009 1670 1171 1746 scientias,
1211 1676 1246 1737 et
1283 1676 1396 1736 tamen
1427 1676 1506 1736 suut

451 1774 548 1839 valde
570 1774 669 1838 utiles
697 1773 734 1836 in
765 1770 826 1836 hoc
856 1773 987 1837 mundo.
1045 1771 1206 1838 Similiter
1240 1777 1275 1838 et
1304 1772 1369 1859 ipsi
1406 1773 1505 1838 utiles

451 1880 530 1941 sunt
552 1880 587 1940 et
610 1875 646 1939 in
661 1874 771 1939 studio
792 1873 904 1952 etiam,
926 1874 984 1938 sed
1007 1893 1076 1938 non
1091 1877 1169 1938 sunt
1187 1873 1275 1940 sicut
1289 1874 1505 1940 aeeffimantur.

451 1977 631 2062 Postquam
645 1997 724 2040 vero
739 1975 828 2061 apud
850 1974 933 2039 istos
947 1996 1036 2039 nova
1057 1979 1204 2060 potestas
1218 1974 1432 2062 philosophia
1449 2025 1456 2041 .
1473 2025 1480 2040 .
1496 2023 1505 2040 .

451 2077 518 2144 Sed
540 2077 729 2164 ignorantia
743 2077 840 2163 longe
862 2075 968 2161 magis
990 2074 1081 2161 apud
1103 2075 1186 2155 illos,
1203 2076 1260 2162 qui
1281 2097 1350 2142 non
1370 2075 1506 2142 filerunt

451 2179 501 2244 ita
537 2178 685 2259 studiosi,
717 2199 776 2243 nec
799 2176 984 2242 didicerunt
1017 2176 1083 2241 nisi
1119 2176 1163 2242 ab
1192 2177 1265 2242 illia
1310 2175 1356 2242 Et
1382 2177 1505 2243 eaedem

451 2281 597 2346 rationes
618 2284 697 2344 sunt
730 2281 771 2344 de
797 2278 863 2343 illis
886 2299 968 2364 quas
997 2277 1139 2365 allegavi
1165 2279 1206 2344 de
1228 2277 1280 2344 his
1292 2301 1302 2359 3
1338 2300 1416 2344 nam
1446 2300 1507 2344 nec

452 2381 653 2446 audivenmt
675 2402 735 2445 nec
756 2381 908 2465 legenmt
930 2379 1084 2444 scientias
1107 2380 1269 2466 vulgatas,
1299 2383 1335 2446 et
1363 2379 1507 2445 maxime

452 2482 638 2547 naturalem
670 2479 909 2566 philosophiam
941 2486 976 2544 et
1007 2480 1283 2559 mathematicam,
1316 2501 1391 2546 cum
1421 2501 1507 2546 eom·

451 2582 623 2648 mentariis
646 2581 699 2667 [in
727 2581 874 2667 quibus]‚
897 2580 1075 2666 inquibus
1097 2582 1239 2668 quilibet
1260 2582 1383 2648 nititur
1408 2582 1507 2669 glori·

451 2684 501 2749 ari
513 2708 521 2764 ;
555 2705 615 2748 nec
647 2683 801 2749 scientias
828 2686 862 2747 et
886 2681 1017 2767 linguas
1039 2683 1149 2748 sciunt
1172 2683 1213 2748 de
1245 2682 1364 2768 quibus
1385 2687 1505 2749 vestras

450 2784 556 2851 scribo
579 2783 761 2863 sanctitati,
790 2782 862 2848 sine
887 2783 1007 2869 quibus
1028 2783 1114 2848 nihil
1135 2783 1176 2848 de
1199 2784 1406 2871 philosophia
1430 2783 1506 2850 sciri

451 2891 568 2974 potest,
590 2891 629 2951 ut
650 2889 814 2952 tractatus
836 2885 990 2950 ostendit

283 3177 433 3294 41119111ἑά
498 3178 676 3258 QUARTUM
698 3176 878 3263 peccatum¹
896 3181 947 3241 est
961 3177 1048 3262 quod
1063 3175 1196 3262 praefert
1196 3198 1237 3240 ur
1256 3197 1323 3242 una
1340 3175 1507 3241 sententio

284 3308 430 3373 hym.
452 3279 653 3364 magistralis
683 3279 794 3344 textui
825 3277 992 3343 facultatis
1029 3277 1232 3364 theologicae,
1262 3277 1393 3357 scilicet,
1423 3277 1508 3342 liber

284 3376 420 3438 aggeraret
453 3380 709 3445 Sententiarum
755 3379 845 3443 Nam
875 3379 923 3443 ibi
953 3384 1005 3444 est
1042 3384 1114 3443 tota
1145 3379 1250 3465 gloria
1271 3379 1506 3467 theologorum,

285 3521 326 3569 p„
285 3448 434 3557 ‘mae
452 3503 528 3568 quae
550 3479 654 3546 facit²
676 3503 758 3546 onus
780 3481 879 3545 unius
901 3479 985 3566 equi.
1032 3480 1078 3545 Et
1093 3486 1266 3566 postquam
1281 3480 1375 3545 illum
1390 3480 1508 3567 legerit

285 3572 405 3688 Ἢ
396 3573 426 3622 01
455 3584 537 3668 quis,
555 3583 627 3668 jam
649 3583 823 3669 praesumit
845 3603 879 3648 se
906 3582 947 3647 de
969 3583 1128 3668 magistro
1150 3582 1333 3669 theologiae,
1357 3582 1507 3669 quamvis

285 3711 327 3753 ten
311 3717 397 3753 nocuo
382 3717 444 3755 over
455 3706 524 3750 non
546 3684 685 3751 audiat³
719 3684 916 3750 tricesimam
947 3689 1075 3769 partem
1098 3684 1148 3749 sui
1173 3690 1292 3751 textus
1337 3685 1383 3750 Et
1410 3685 1507 3750 bacu-

285 3767 422 3885 {nheoem
458 3787 558 3850 larius
581 3787 638 3873 qui
662 3786 744 3871 legit
766 3789 898 3851 textum
920 3785 1103 3850 succumbit
1125 3785 1239 3851 lectori
1262 3785 1508 3853 Sententiarum

457 3888 611 3954 Parisius
659 3888 705 3952 Et
726 3888 850 3973 ubique
873 3887 940 3951 et
930 3908 967 3951 m
993 3886 1146 3952 omnibus
1168 3887 1349 3954 honoratur
1371 3892 1406 3953 et
1425 3909 1509 4003 prae·

458 3990 569 4056 fertur.
615 3990 704 4056 Nam
726 3989 804 4054 ille⁴
827 3989 884 4074 qui
907 3988 989 4075 legit
1010 3987 1162 4054 Sentent
1139 3993 1202 4053 tras
1224 3989 1325 4055 habet
1346 3989 1507 4076 principa-

456 4090 521 4156 lem
544 4093 658 4158 horam
681 4091 813 4178 legendi
843 4089 1022 4156 secundum
1053 4111 1146 4154 suam
1168 4090 1385 4172 voluntatem,
1407 4089 1509 4157 habet

461 4281 572 4290 ,κο-..-
829 4280 1019 4288 ----,--...,.
1049 4280 1089 4286 ..—
1111 4280 1165 4285 ----
1212 4282 1215 4285 i

492 4420 498 4448 ¹
515 4416 634 4476 Quartum
649 4420 787 4485 peccatum]
812 4419 859 4471 See
870 4419 954 4483 Hody,
1037 4416 1110 4481 'quoe
1126 4416 1209 4483 facit]
1231 4416 1316 4483 Hody.
1334 4425 1357 4468 el
1371 4417 1396 4466 ia
1414 4415 1508 4482 quitus,

457 4497 497 4546 Dc
507 4495 647 4546 Bibliorum
658 4497 788 4561 Textibus,
797 4513 822 4562 p.
831 4503 888 4549 419.
907 4498 954 4549 Ed.
1005 4495 1064 4546 MS.

458 4576 539 4627 Oxou.
554 4578 623 4626 170⁵.
1039 4574 1159 4639 ἀυᾱίαι]
1179 4576 1290 4634 audiunt,
1303 4575 1358 4626 MS.

1042 4652 1129 4704 ‘Non
1141 4651 1192 4720 ille]
1213 4654 1279 4704 Nam
1290 4667 1379 4719 pamm
1389 4653 1439 4714 ille,
1452 4652 1507 4702 MS
