3586 5640
306 751 408 841 axia]
695 767 783 819 oeus
803 767 963 824 renuunt
1290 753 1354 816 255

305 941 428 1006 dieitur
456 940 710 1027 interpretatum
741 942 926 1030 Magister),
957 944 1016 1013 ubi
1054 941 1237 1019 habitasr'
1290 942 1356 1011 Sed

305 1042 425 1128 vulgus
447 1064 515 1108 non
537 1042 616 1108 feeit
638 1044 700 1119 hoo
712 1070 721 1125 ;
753 1045 856 1119 ateio
885 1045 922 1110 in
944 1045 1058 1115 multis
1080 1045 1161 1115 aliie

350 1134 401 1226 De
423 1145 737 1231 interrogationibus
752 1168 830 1213 vero
852 1146 1028 1233 multiplex
1050 1148 1169 1213 aoeidit
1191 1147 1335 1213 defectus
1349 1171 1357 1228 ;
1370 1153 1426 1206 The
1436 1153 1513 1206 inrer-

304 1269 382 1313 nam
397 1269 465 1321 non
487 1247 587 1314 debet
601 1246 682 1327 fieri,
699 1248 762 1320 nisi
785 1248 954 1335 eompletis
976 1249 1128 1317 omnibus
1146 1271 1220 1335 quae
1235 1221 1489 1325 αιι(1ιιιιι’σμῆνα

306 1349 367 1422 sub
382 1348 650 1435 interrogatione.
675 1348 727 1415 Ut
743 1350 851 1416 Esaiae
866 1351 1011 1437 capitulo
1026 1350 1215 1439 tertio[l.]:
1241 1357 1260 1402 ‘ff
1276 1350 1358 1433 Quis

306 1457 324 1486 “
347 1455 397 1517 est
434 1451 496 1516 iste
534 1450 592 1536 qui
624 1451 719 1519 venit
757 1452 797 1518 de
832 1451 947 1533 Edam,
983 1454 1098 1526 tinctis
1135 1454 1282 1523 vestibus
1317 1454 1357 1533 de

308 1559 326 1589 “
349 1553 454 1618 Boura
464 1552 495 1618 l’'
540 1553 656 1640 Usque
678 1555 725 1619 ibi
749 1554 986 1625 “fortitudinis
1001 1555 1094 1622 euae'’
1117 1557 1358 1636 concluduntur

305 1656 416 1725 omnia
451 1656 513 1723 sub
550 1656 819 1745 interrogatione,
859 1662 894 1722 et
931 1657 1006 1723 ideo
1044 1659 1105 1725 suh
1142 1681 1209 1725 uno
1247 1680 1355 1739 versu.

305 1759 395 1835 Nam
432 1758 647 1846 respondetur
683 1760 727 1824 ad
771 1759 1064 1846 interrogationem
1101 1782 1176 1829 eum
1213 1760 1356 1835 dioitm:

307 1871 325 1896 “
348 1862 428 1949 Ego,
445 1862 503 1946 qui
524 1862 640 1947 loquor
657 1861 858 1947 justitiam‚”
872 1867 931 1930 ete
971 1863 1016 1931 Et
1030 1863 1079 1937 ibi
1102 1862 1220 1949 incipit
1235 1884 1356 1935 versus.

306 1962 372 2030 Sed
394 1985 461 2037 non
482 1963 524 2039 fit
545 1963 600 2029 sio.

350 2065 461 2137 Diotio
484 2086 558 2151 qua
581 2071 632 2133 est
653 2066 765 2152 gravis
786 2065 823 2134 in
845 2065 919 2143 fine,
943 2065 978 2137 in
1002 2087 1067 2151 qua
1085 2065 1203 2141 finitur
1218 2065 1359 2143 interro·

305 2165 405 2250 gatio,
421 2162 568 2239 tenenda
590 2168 660 2242 est3
683 2168 717 2228 et
739 2162 779 2228 fia
797 2185 865 2235 una
887 2163 1028 2235 elevatio
1043 2168 1077 2228 et
1099 2185 1185 2229 unus
1205 2170 1356 2250 punctus.

306 2265 357 2331 Ut
380 2266 423 2330 ad
447 2265 613 2330 &manos
635 2264 775 2350 septimo
788 2264 860 2351 [l.],
900 2264 1021 2345 “Quid
1053 2287 1130 2352 ergo
1161 2265 1358 2332 dieemust''

306 2391 381 2454 erpo
405 2368 505 2432 dictio
528 2368 563 2431 in
586 2367 652 2431 fine
675 2368 821 2431 acuenda
843 2371 900 2445 est,
922 2366 994 2432 vel¹
1017 2368 1252 2454 monosyllaba,
1285 2388 1358 2454 quae

306 2470 502 2535 naturaliter
517 2475 567 2534 est
582 2476 689 2548 aeota,
704 2469 755 2533 bis
770 2474 821 2534 est
844 2469 1005 2534 elevanda
1019 2493 1027 2548 ;
1053 2492 1132 2534 nam
1159 2471 1196 2534 in
1219 2471 1359 2557 simplici

306 2579 340 2638 et
362 2574 461 2658 plana
476 2572 744 2658 pronuntiatione
760 2572 859 2638 semel
882 2577 1072 2654 acueretur3
1095 2594 1174 2660 ergo
1196 2573 1233 2637 in
1256 2573 1358 2639 inter-

307 2676 477 2762 rogatione
508 2674 558 2738 bis
593 2679 736 2739 acuetur.
791 2674 843 2740 Ut
874 2675 1044 2761 trigesimo
1079 2680 1175 2740 sexto
1215 2675 1359 2760 capitulo

308 2778 430 2844 Esaia:
471 2775 572 2840 “Ubi
595 2781 646 2841 est
677 2776 768 2842 Deus
792 2776 915 2841 Emath
950 2783 984 2845 et
1021 2776 1193 2847 Arthatt”
1231 2777 1277 2841 Et
1314 2778 1358 2841 ad

307 2879 474 2959 Romanos
488 2877 628 2965 septimo
641 2875 716 2966 [7.],
742 2885 761 2916 “
781 2877 852 2943 Lex
867 2884 1034 2963 peecatum
1051 2885 1101 2946 est
1111 2877 1141 2944 Υ
1168 2878 1214 2944 Et
1226 2878 1358 2963 quando

306 2980 582 3067 interrogationes
604 2979 766 3047 absolutae
787 2984 821 3044 et
843 2979 1066 3066 particulares,
1083 2979 1241 3052 habentes
1263 2984 1359 3044 notus

306 3083 451 3168 ejusdem
474 3081 601 3168 generis
616 3080 659 3146 ad
674 3081 814 3156 invicem
838 3081 1042 3159 ordinantur,
1069 3081 1110 3147 fit
1131 3103 1199 3146 una
1220 3082 1359 3158 interro-

306 3185 398 3272 gatio
421 3190 463 3265 et,
477 3205 563 3250 unus
579 3205 699 3250 versus.
746 3183 799 3251 Ut
821 3183 888 3249 Job
903 3183 1043 3270 septimo
1056 3181 1152 3271 [21.]‚
1177 3183 1270 3249 “Cur
1291 3205 1360 3259 non

308 3288 438 3361 “tollis
460 3293 631 3372 peceatum
656 3308 787 3367 meum3
823 3291 858 3352 et
880 3307 980 3373 quare
1000 3307 1067 3359 non
1082 3285 1190 3353 aufers
1204 3285 1360 3373 iniquite-

309 3398 327 3426 “
349 3395 417 3456 tem
432 3386 580 3457 meaml”
605 3387 677 3454 Gur
693 3394 727 3453 et
743 3408 849 3475 quare
864 3392 943 3457 sunt
957 3392 1046 3453 notae
1061 3387 1207 3473 ejusdem
1222 3389 1359 3476 generis.

308 3491 374 3559 Sed
395 3514 470 3559 oum
492 3495 571 3555 sunt
593 3496 682 3558 notae
717 3491 839 3557 diversi
869 3491 1006 3578 generis,
1030 3489 1088 3556 ubi
1121 3497 1199 3556 sunt
1221 3491 1359 3559 interro

306 3594 455 3681 gationes
485 3592 645 3668 absolutus
675 3594 950 3680 aporiantes,
981 3593 1068 3669 fiunt
1091 3594 1212 3660 diversi
1234 3616 1358 3660 versus.

309 3696 361 3776 Ut
384 3694 488 3775 Marci
511 3701 629 3781 quarto
642 3695 746 3780 [1th
773 3696 950 3762 “Nescitis
980 3696 1168 3782 parabolam
1191 3696 1297 3761 hanel
1326 3701 1360 3765 at

309 3797 513 3884 “quomodo
545 3818 658 3871 omnes
673 3798 844 3883 parabolas
866 3795 1110 3886 eognoscetiw
1143 3797 1188 3861 Et
1210 3795 1361 3862 similiter

308 3900 439 3987 quando
462 3904 512 3965 est
534 3900 696 3985 generalis
718 3900 933 3987 interrogatio
948 3899 1133 3986 preposita,
1157 3903 1192 3964 et
1214 3898 1361 3984 specialis

308 4001 541 4088 subsequitur?
556 4002 635 4086 quia
652 4009 732 4068 sunt
754 4003 875 4069 diversi
898 4002 989 4066 modi
1007 4000 1241 4087 interrogandi,
1258 3999 1363 4065 fiunt³

309 4105 431 4172 diversi
463 4126 585 4178 versus.
644 4103 695 4169 Ut
731 4104 887 4171 Matthaei
919 4105 1076 4170 vieesimo
1107 4103 1248 4189 septimo
1261 4101 1360 4190 [17];

309 4214 327 4244 “
342 4208 449 4289 Quem
463 4206 568 4272 vultis
587 4210 628 4271 ut
643 4205 813 4271 dimittam
836 4207 953 4272 vobisl
975 4205 1162 4271 Barabbam
1176 4227 1221 4269 an
1236 4204 1259 4270 J
1261 4225 1360 4283 esum,
