3586 5640
357 827 466 914 xiva]
752 843 839 894 oras
861 842 1020 894 raanmr
1348 828 1409 899 171

357 1040 484 1106 semper
520 1018 627 1085 locum
658 1018 894 1085 indivisibilem
931 1017 1069 1085 obtinet.
1115 1017 1204 1104 Ergo
1241 1039 1410 1105 nunquam

357 1121 553 1189 movebitur.

403 1224 469 1290 Sed
502 1223 717 1312 proculdubio
751 1223 824 1290 istra
858 1223 1003 1290 rationes
1040 1245 1107 1289 non
1144 1223 1250 1290 solum
1287 1223 1410 1290 tollunt
1422 1231 1465 1346 Bp
1476 1228 1560 1295 parity

357 1333 485 1394 motum
507 1328 565 1393 sed
587 1327 815 1407 mutationem,
839 1326 867 1391 si
883 1326 1030 1414 Angelus
1051 1327 1172 1393 habent
1194 1327 1301 1393 locum
1323 1327 1409 1393 indi·
1421 1312 1561 1430 {nm}

357 1430 530 1496 visibilem
554 1429 642 1494 Nsm
665 1429 751 1495 cum¹
776 1429 954 1495 seeundum
977 1430 1152 1496 veritatem
1175 1429 1262 1494 linea
1277 1451 1344 1496 non
1359 1433 1410 1496 est
1421 1432 1535 1496 undergo
1546 1442 1580 1483 1¹⁰

357 1556 400 1599 ex
422 1533 561 1620 punctis,
578 1532 632 1597 sed
657 1537 708 1597 est
729 1532 871 1619 spatium
888 1538 1058 1618 quantum,
1075 1532 1127 1598 et²
1143 1532 1308 1598 divisibile
1322 1533 1410 1598 inter
1420 1502 1525 1568 wll*

359 1652 384 1702 s
405 1640 490 1714 sta,
514 1641 549 1702 et
571 1640 651 1700 ωηο
672 1657 747 1700 eum
770 1635 816 1700 sit
840 1635 975 1722 angelus
1007 1657 1150 1724 praesens
1172 1636 1209 1700 in
1231 1651 1262 1713 Δ,
1286 1641 1321 1701 et
1343 1657 1411 1702 non

360 1739 406 1804 sit
428 1755 450 1803 Β
473 1738 633 1803 terminus
666 1738 841 1803 continuus
865 1738 902 1814 ei,
927 1742 963 1802 et
985 1743 1097 1803 tamen
1124 1744 1175 1804 est
1202 1737 1409 1825 propinquis·

357 1841 460 1906 simus
494 1841 550 1926 qui
583 1845 694 1927 potest
716 1840 902 1927 significari,
927 1840 1063 1926 angelus
1097 1842 1241 1926 quiescet
1263 1842 1299 1906 in
1321 1856 1353 1921 s,
1377 1846 1412 1907 et

359 1966 426 2009 non
467 1943 590 2030 poterit
624 1943 750 2009 moveri
784 1942 943 2022 ulterius;
978 1943 1057 2028 quia
1090 1944 1216 2031 primus
1249 1944 1412 2010 terminus

358 2047 401 2112 sd
425 2068 523 2132 quem
545 2046 674 2111 veniret
696 2049 781 2111 esset
803 2063 833 2124 s,
866 2067 904 2110 eo
927 2045 1016 2131 quod
1047 2067 1174 2133 semper
1196 2053 1247 2113 est
1268 2047 1305 2112 in
1327 2045 1414 2111 indi-

359 2149 493 2230 visibili,
516 2154 551 2215 et
585 2149 659 2214 ideo
696 2169 866 2234 nunquam
899 2149 1115 2234 pertransiret
1147 2149 1292 2236 spatium
1325 2149 1414 2236 quod

360 2258 411 2318 est
436 2253 524 2318 inter
546 2267 569 2316 Δ
592 2257 627 2318 et
649 2269 680 2332 s,
712 2273 817 2338 neque
851 2255 945 2316 motu
978 2273 1084 2338 neque
1116 2251 1323 2318 mutatione.⁸
1368 2251 1415 2317 Et

360 2356 434 2423 ideo
466 2357 610 2423 rationes
631 2356 822 2422 Aristotelis
853 2356 928 2422 dure
962 2357 1078 2443 primae
1110 2363 1248 2444 possunt
1280 2354 1415 2422 formeri

360 2459 533 2546 aequaliter
558 2465 674 2527 contra
696 2459 925 2539 mutationem,
960 2459 1045 2525 sieut
1078 2466 1193 2526 eontra
1226 2458 1416 2540 motum,si

360 2563 497 2649 angelus
530 2563 574 2629 sit
596 2584 739 2649 praesens
770 2562 839 2628 loco
872 2561 1076 2628 indivisibili.
1133 2562 1223 2628 Nam
1254 2564 1324 2629 sive
1357 2582 1417 2649 per

362 2672 498 2745 motum,
522 2667 591 2732 sive
614 2661 689 2753 per⁴
710 2665 939 2745 mutationem,
963 2670 1112 2731 transeat
1144 2667 1202 2732 illa
1223 2671 1356 2752 punctu,
1379 2668 1415 2732 et

362 2773 473 2834 totum
496 2769 639 2855 spatium
673 2767 862 2855 pertransit,
895 2773 977 2832 tune
1009 2773 1120 2833 totum
1166 2769 1310 2854 spatium
1351 2768 1417 2833 erit

362 2893 404 2936 ex
427 2870 494 2935 illis
514 2871 666 2957 punctis;
690 2877 724 2936 et
746 2891 820 2935 cum
842 2870 974 2934 infinita
991 2868 1084 2933 sint⁵
1107 2870 1142 2932 in
1157 2869 1295 2932 minima
1310 2874 1414 2954 parte,

362 2994 530 3058 nunquam
568 2972 690 3059 poterit
735 2972 932 3058 pertransire
978 2971 1121 3056 spatium
1152 2969 1333 3050 minimum,
1359 2991 1418 3034 nee

364 3075 534 3140 minimam
557 3075 627 3161 ejus
649 3071 799 3161 purtem.⁶
843 3072 889 3137 Et
911 3072 985 3137 ideo
1008 3073 1059 3137 hae
1082 3078 1148 3136 tres
1162 3071 1306 3136 rationes
1331 3093 1419 3137 nune

268 3201 274 3212 ·
365 3182 463 3244 taotae
501 3177 686 3255 ostendunt,
718 3176 805 3264 quod
832 3198 891 3240 neo
918 3173 1105 3240 movebitur
1129 3196 1188 3239 nee
1226 3174 1418 3255 mutabitur,

365 3280 393 3347 si
416 3280 552 3369 ungulus
574 3279 695 3345 babeat
717 3279 825 3343 locum
847 3276 1089 3343 indivisibilem

411 3383 457 3449 Et
479 3383 537 3448 illa
559 3381 646 3448 ratio
668 3381 787 3446 ultima
803 3380 992 3446 Aristotelis
1015 3402 1088 3467 quse
1111 3380 1190 3447 dicit
1214 3381 1301 3467 quod
1323 3402 1420 3447 omne

370 3485 458 3574 quod
480 3489 641 3560 movetur,
665 3483 787 3570 partim
810 3483 918 3549 estin
941 3484 1082 3549 termino
1104 3505 1213 3571 aquo,
1237 3483 1359 3571 partim
1384 3483 1420 3548 in

365 3587 506 3653 termino
529 3587 572 3653 ad
595 3609 700 3672 quem,
726 3585 871 3651 ostendit
892 3586 1076 3673 specialiter
1099 3587 1186 3672 quod
1208 3609 1274 3650 non
1309 3607 1419 3650 move·

366 3689 467 3755 bitur.
514 3689 672 3755 Rationes
704 3711 783 3754 vero
806 3693 947 3775 quatuor
978 3689 1093 3774 primae
1125 3688 1305 3753 ostendunt
1332 3686 1420 3774 quod

366 3792 459 3858 nullo
490 3793 588 3869 modo
622 3791 826 3872 mutabitur3
864 3795 898 3857 et
935 3790 1000 3855 ista
1037 3812 1103 3856 non
1133 3790 1290 3856 videntur
1327 3811 1420 3879 posse

365 3894 526 3983 impediri.

412 3997 478 4064 Sed
508 3997 536 4063 si
570 3995 692 4063 habeat
720 3995 828 4063 loeum
858 3993 1058 4062 divisibilem
1093 4000 1173 4061 ωηο
1205 3995 1419 4083 proculdubio

363 4100 486 4190 poterit
518 4101 652 4181 moveri,
687 4104 722 4166 et
751 4099 842 4165 nulla
871 4099 1036 4164 rationum
1067 4097 1229 4164 istarum⁷
1258 4099 1420 4186 prohibet.

364 4203 453 4270 Nam
484 4203 513 4268 si
543 4203 587 4269 sit
616 4202 653 4267 in
684 4203 799 4269 slooo
822 4201 990 4279 divisibili,
1024 4207 1105 4268 ωηο
1137 4192 1246 4290 potest
1269 4219 1291 4266 Β
1312 4201 1419 4268 loeum

401 4519 408 4551 ¹
426 4521 492 4588 eun]
512 4537 561 4572 om·
572 4519 603 4571 Τ.
953 4522 961 4552 ⁴
975 4522 1034 4590 per]
1053 4539 1102 4575 om.
1117 4521 1147 4574 'l‘r

401 4600 457 4665 ὀί]
477 4616 526 4650 om.
546 4601 577 4651 T.
954 4604 1041 4669 ὀίω]
1060 4610 1126 4664 sunt,
1144 4604 1174 4654 B.

401 4680 490 4730 'mou
516 4697 591 4745 seqre
618 4678 760 4746 wallon]
790 4686 870 4732 mlits·
957 4683 1035 4747 “dus
1042 4684 1152 4749 partera]
1172 4681 1341 4749 partemejut,
1358 4671 1389 4735 'll

366 4758 436 4812 tione
446 4775 528 4826 neque
539 4769 616 4820 motu,
634 4761 664 4811 T.
955 4763 964 4790 ¹
982 4762 1097 4828 isuram]
1116 4779 1165 4814 om
1178 4763 1209 4814 Τ.
