3586 5640
592 814 658 879 436
974 822 1104 873 nouum
1127 821 1273 872 ascerus
1561 810 1651 897 [oar.

594 1001 685 1066 labes
722 999 759 1064 in
796 998 948 1076 Hebraea,
982 1017 1050 1063 vox
1087 1019 1166 1063 vero
1204 996 1312 1062 divisa
1348 1017 1416 1062 non
1451 997 1553 1064 hahet
1586 999 1652 1064 nisi

594 1109 668 1169 tras.
716 1102 870 1187 Quinque
892 1122 971 1166 vero
993 1099 1099 1166 literae
1121 1100 1157 1164 in
1181 1100 1315 1165 nomine
1338 1099 1537 1186 patriarchae
1559 1107 1650 1182 sunt,

591 1205 660 1293 joel,
683 1204 751 1281 sio,
775 1201 859 1283 cesla,
883 1201 992 1288 oleph,
1015 1200 1147 1269 lebrella
1193 1201 1260 1267 Sed
1283 1201 1320 1265 in
1351 1202 1459 1288 prima
1492 1203 1650 1284 dictione,

596 1308 719 1374 scilicet
740 1307 777 1371 in
799 1306 860 1372 hac
882 1305 1025 1370 dictione
1047 1303 1081 1370 is
1103 1309 1182 1370 sunt
1203 1309 1280 1381 tres,
1304 1303 1429 1369 scilicet
1449 1303 1560 1391 oleph,
1577 1304 1652 1390 jod,

596 1410 657 1476 sia
668 1437 682 1491 ;
705 1410 742 1474 in
764 1408 906 1474 secunda
928 1413 1007 1472 sunt
1028 1405 1114 1486 reela,
1137 1405 1246 1493 oleph,
1270 1404 1310 1472 las
1320 1430 1334 1485 ;
1357 1407 1394 1470 in
1417 1407 1519 1472 tertia
1539 1406 1650 1493 oleph,

598 1511 751 1591 lonwlb;
774 1513 949 1597 quaesunt
975 1511 1057 1586 octe,
1093 1507 1122 1573 si
1155 1508 1200 1573 ad
1232 1507 1375 1574 invicem
1409 1512 1651 1595 computentur.

599 1615 664 1680 Hae
701 1635 780 1679 vero
805 1615 949 1699 quatuor
974 1609 1121 1675 rationes
1145 1614 1285 1697 sumptae
1314 1609 1418 1696 juxta
1443 1610 1555 1676 literas
1583 1610 1651 1677 He.

597 1717 702 1783 braeas
725 1719 805 1781 sunt
819 1714 917 1779 valde
938 1711 1115 1792 mirabiles,
1131 1732 1192 1778 nec
1208 1711 1445 1798 intelligibiles,
1461 1713 1527 1777 nisi
1548 1712 1649 1778 homo

598 1821 681 1885 sciat
703 1814 974 1904 orthographiam
998 1812 1184 1880 Hebraeam.
1245 1814 1333 1895 Quia
1354 1814 1425 1880 haec
1462 1814 1654 1880 differentia

599 1943 667 1987 non
688 1924 797 2007 posset
819 1917 963 1984 inveniri
992 1916 1030 1981 in
1063 1915 1176 2002 aliqua
1208 1937 1288 1982 voce
1321 1915 1443 1982 Latina
1476 1916 1654 2001 conjuncta

599 2028 634 2088 et
660 2023 774 2101 divisa,
798 2021 884 2086 sicut
906 2018 1119 2084 manifestum
1143 2022 1193 2084 est
1215 2018 1517 2084 considerantibus
1550 2019 1653 2084 ratio-

599 2147 659 2191 nes
681 2129 716 2191 et
752 2123 836 2190 tales
857 2143 961 2202 voces,
993 2125 1034 2188 ut
1067 2125 1119 2186 est
1144 2119 1338 2207 respublica
1360 2125 1394 2186 et
1417 2120 1592 2200 domim,
1617 2127 1654 2188 et

599 2228 665 2292 alia
710 2225 955 2313 qualiacunque.
1032 2222 1162 2290 Deinde
1194 2245 1254 2310 per
1287 2222 1431 2308 quinque
1475 2224 1555 2288 alias
1600 2247 1653 2290 ra-

599 2331 706 2395 tiones
728 2328 790 2394 hoc
812 2329 900 2393 idem
922 2325 1060 2413 probat;
1098 2324 1219 2391 scilieet
1242 2325 1480 2391 derivationem
1510 2325 1654 2392 nominis

600 2453 659 2517 per
695 2429 876 2516 Josephum
898 2429 935 2492 in
964 2428 1072 2513 primo
1106 2425 1364 2511 Antiquitatum,
1402 2449 1461 2513 per
1492 2427 1652 2506 Graecum,

601 2554 660 2618 per
697 2531 888 2609 Hebraeum,
926 2550 985 2615 per
1022 2529 1130 2614 ipsum
1168 2534 1301 2594 textum
1337 2528 1502 2594 Latinum.
1563 2529 1653 2594 Nam

600 2633 712 2700 omnia
733 2633 804 2699 haec
826 2632 971 2718 quinque
1002 2630 1193 2697 discordant
1214 2631 1257 2696 ab
1287 2631 1559 2718 interpretatione
1581 2632 1652 2712 hac,

607 2736 674 2804 Vir
694 2735 811 2802 cidens
833 2735 954 2813 Deam,
978 2738 1012 2799 et
1037 2733 1124 2798 nihil
1157 2737 1254 2799 sonat
1287 2733 1353 2798 nisi
1378 2734 1555 2821 principari
1577 2756 1652 2799 oum

601 2840 680 2917 Deo,
697 2839 751 2905 vel
765 2838 890 2924 aliquid
912 2837 1025 2901 simile
1066 2835 1153 2916 Quia
1173 2836 1209 2900 in
1225 2835 1370 2901 Hebraeo
1393 2836 1439 2901 sic
1454 2836 1652 2914 continetur,

607 2940 785 3010 vocatae
822 2938 933 3006 Israel
944 2960 959 3017 ,·
1014 2938 1169 3024 quoniam
1203 2937 1231 3002 si
1270 2938 1472 3024 principatus
1509 2961 1543 3004 es
1576 2961 1652 3004 cum

602 3047 682 3123 Deo,
710 3045 779 3110 sive
802 3049 915 3109 eontra
938 3041 1056 3117 Deum,
1080 3041 1116 3104 in
1137 3040 1195 3104 illa
1216 3039 1306 3105 lucta
1328 3040 1508 3127 spiritualis
1532 3043 1653 3106 oratio-

601 3149 655 3212 nis
682 3169 781 3232 quam
804 3145 923 3210 habuit
948 3165 1022 3208 cum
1046 3142 1125 3219 Deo,
1150 3143 1185 3206 in
1208 3163 1347 3228 persona
1381 3143 1498 3229 angeli,
1532 3143 1653 3229 princi·

601 3249 729 3335 paheris
760 3251 876 3313 contra
897 3245 1057 3321 homines,
1089 3243 1213 3308 scilieet
1250 3249 1365 3309 contra
1397 3244 1486 3309 Esau
1515 3244 1653 3310 fratrem

600 3356 704 3414 tuum.
750 3348 795 3411 Et
821 3348 894 3412 ideo
910 3347 1032 3410 dicitur
1057 3346 1093 3409 in
1119 3345 1249 3422 Latino,
1266 3344 1340 3411 Rea
1362 3352 1421 3411 tu:
1449 3344 1585 3411 Genesis
1600 3369 1653 3412 ca-

600 3450 707 3537 pitulo
722 3450 826 3513 xxxii.
836 3448 921 3535 [281.
954 3456 972 3482 “
981 3446 1016 3510 N
1017 3468 1207 3533 equaquam,
1224 3446 1344 3532 inquit,
1355 3446 1460 3513 Jacob
1475 3448 1656 3534 appellabi-

601 3561 619 3587 “
642 3558 699 3617 tur
724 3573 845 3617 nomen
860 3556 964 3627 tuum,
982 3548 1039 3613 sed
1055 3547 1175 3628 Israel;
1198 3549 1353 3634 quoniam
1369 3549 1397 3613 si
1413 3554 1528 3614 contra
1543 3549 1653 3615 Deum

601 3663 619 3689 “
641 3654 735 3719 fortis
757 3653 861 3731 fuisti,
884 3655 1009 3737 quanto
1041 3651 1147 3737 magia
1179 3655 1294 3714 contra
1323 3650 1472 3716 homines
1494 3654 1654 3738 praevale·

602 3765 620 3792 “
642 3757 694 3821 bis
707 3755 743 3821 l''
780 3752 962 3839 Principari
984 3752 1072 3817 enim
1095 3757 1209 3816 contra
1233 3753 1349 3830 Deum,
1375 3758 1409 3818 et
1431 3754 1550 3818 fortem
1574 3777 1653 3835 esse,

600 3865 636 3924 et
657 3857 845 3945 praevalere,
869 3856 958 3920 idem
989 3858 1110 3919 sonant
1137 3855 1173 3918 in
1200 3876 1242 3919 re.
1297 3853 1386 3918 Nam
1409 3856 1496 3920 ratio
1520 3856 1654 3943 imposi-

600 3961 700 4026 tionis
719 3960 862 4024 nominis
877 3979 945 4024 non
965 3960 1016 4022 est
1031 3956 1114 4021 visio
1131 3956 1202 4036 Dei,
1213 3956 1271 4021 sed
1286 3956 1470 4043 principari,
1487 3959 1540 4023 vel
1556 3958 1654 4025 fortis

600 4085 677 4139 esse,
699 4063 753 4127 vel
776 4060 953 4147 praevalere
968 4063 1083 4124 contra
1098 4057 1216 4138 Deum,
1237 4058 1454 4144 spiritualiter
1476 4064 1588 4124 tamen
1603 4062 1656 4126 in·

601 4164 787 4249 telligendo.
849 4163 896 4226 Et
926 4162 973 4226 sic
1005 4160 1168 4225 derivatio
1202 4160 1353 4237 nominis,
1377 4171 1410 4226 et
1434 4161 1594 4242 Graecum,
1619 4172 1654 4230 et

600 4265 765 4349 Josephus
780 4265 984 4330 concordant.
1030 4245 1098 4328 Sed
1121 4267 1254 4349 propter
1276 4262 1475 4328 brevitatem
1498 4269 1654 4346 tmnseo;

601 4365 680 4449 quia
702 4366 864 4452 expositio
896 4365 993 4451 plena
1023 4363 1121 4449 hujus
1153 4362 1355 4428 difficultatis
1386 4366 1527 4450 requirit
1560 4388 1653 4454 mag-

599 4488 678 4530 nam
724 4468 879 4531 notitiam
918 4466 1070 4532 Hebraeae
1118 4465 1352 4553 grammaticas,
1399 4472 1561 4552 quantum
1608 4471 1653 4534 ad

601 4589 744 4654 praesens
767 4591 834 4633 non
858 4568 960 4633 debeo
986 4590 1046 4633 nec
1067 4568 1162 4633 valeo
1184 4568 1353 4653 explicare.
1400 4569 1550 4634 Moderni
1573 4592 1653 4636 vero

600 4668 755 4755 theologi,
780 4668 962 4736 Hebraeum
983 4670 1183 4757 ignorantes,
1206 4672 1322 4736 tenent
1344 4669 1652 4758 interpretationem
