<?xml version="1.0" encoding="UTF-8"?>
<!DOCTYPE html PUBLIC "-//W3C//DTD XHTML 1.0 Transitional//EN"
    "http://www.w3.org/TR/xhtml1/DTD/xhtml1-transitional.dtd">
<html xmlns="http://www.w3.org/1999/xhtml" xml:lang="en" lang="en">
 <head>
  <title>
</title>
<meta http-equiv="Content-Type" content="text/html;charset=utf-8" />
  <meta name='ocr-system' content='tesseract 3.04.00' />
  <meta name='ocr-capabilities' content='ocr_page ocr_carea ocr_par ocr_line ocrx_word'/>
</head>
<body>
  <div class='ocr_page' id='page_1' title='image "./operaqudamhacte00bacogoog/operaqudamhacte00bacogoog_0422.png"; bbox 0 0 3586 5640; ppageno 0'>
   <div class='ocr_carea' id='block_1_1' title="bbox 440 743 1508 829">
    <p class='ocr_par' dir='ltr' id='par_1_1' title="bbox 440 743 1508 829">
     <span class='ocr_line' id='line_1_1' title="bbox 440 743 1508 829; baseline -0.007 -11"><span class='ocrx_word' id='word_1_1' title='bbox 440 755 505 818; x_wconf 81' lang='lat'>306</span> <span class='ocrx_word' id='word_1_2' title='bbox 818 763 946 814; x_wconf 81' lang='lat' dir='ltr'>nocam</span> <span class='ocrx_word' id='word_1_3' title='bbox 969 761 1114 812; x_wconf 75' lang='lat' dir='ltr'>ancoris</span> <span class='ocrx_word' id='word_1_4' title='bbox 1406 743 1508 829; x_wconf 74' lang='lat' dir='ltr'>[aar.</span> 
     </span>
    </p>
   </div>
   <div class='ocr_carea' id='block_1_2' title="bbox 440 934 1581 1532">
    <p class='ocr_par' dir='ltr' id='par_1_2' title="bbox 440 934 1581 1532">
     <span class='ocr_line' id='line_1_2' title="bbox 441 934 1508 1024; baseline -0.007 -17"><span class='ocrx_word' id='word_1_5' title='bbox 441 963 544 1017; x_wconf 87' lang='lat' dir='ltr'>orum,</span> <span class='ocrx_word' id='word_1_6' title='bbox 579 943 614 1004; x_wconf 91' lang='lat' dir='ltr'>et</span> <span class='ocrx_word' id='word_1_7' title='bbox 636 943 707 1003; x_wconf 91' lang='lat' dir='ltr'>tam</span> <span class='ocrx_word' id='word_1_8' title='bbox 731 938 892 1024; x_wconf 89' lang='lat' dir='ltr'>pulchros,</span> <span class='ocrx_word' id='word_1_9' title='bbox 918 938 1008 1023; x_wconf 92' lang='lat' dir='ltr'>quod</span> <span class='ocrx_word' id='word_1_10' title='bbox 1040 958 1110 1003; x_wconf 91' lang='lat' dir='ltr'>non</span> <span class='ocrx_word' id='word_1_11' title='bbox 1132 940 1183 1001; x_wconf 89' lang='lat' dir='ltr'>est</span> <span class='ocrx_word' id='word_1_12' title='bbox 1205 934 1291 1003; x_wconf 83' lang='lat' dir='ltr'>finis.</span> <span class='ocrx_word' id='word_1_13' title='bbox 1334 934 1384 1000; x_wconf 87' lang='lat' dir='ltr'>Et</span> <span class='ocrx_word' id='word_1_14' title='bbox 1407 940 1508 1001; x_wconf 88' lang='lat' dir='ltr'>certe</span> 
     </span>
     <span class='ocr_line' id='line_1_3' title="bbox 440 1037 1581 1127; baseline -0.008 -18"><span class='ocrx_word' id='word_1_15' title='bbox 440 1063 612 1127; x_wconf 90' lang='lat' dir='ltr'>nunquam</span> <span class='ocrx_word' id='word_1_16' title='bbox 626 1040 767 1106; x_wconf 78' lang='lat' dir='ltr'>frrissent</span> <span class='ocrx_word' id='word_1_17' title='bbox 788 1037 854 1104; x_wconf 90' lang='lat' dir='ltr'>sic¹</span> <span class='ocrx_word' id='word_1_18' title='bbox 879 1038 1065 1126; x_wconf 83' lang='lat' dir='ltr'>philosophi</span> <span class='ocrx_word' id='word_1_19' title='bbox 1087 1037 1225 1123; x_wconf 80' lang='lat' dir='ltr'><strong>loquuti,</strong></span> <span class='ocrx_word' id='word_1_20' title='bbox 1248 1037 1314 1102; x_wconf 87' lang='lat' dir='ltr'>nisi</span> <span class='ocrx_word' id='word_1_21' title='bbox 1336 1037 1418 1122; x_wconf 89' lang='lat' dir='ltr'>qnia</span> <span class='ocrx_word' id='word_1_22' title='bbox 1443 1059 1509 1124; x_wconf 88' lang='lat' dir='ltr'>per</span> <span class='ocrx_word' id='word_1_23' title='bbox 1578 1118 1581 1122; x_wconf 19' lang='grc' dir='ltr'>Ι</span> 
     </span>
     <span class='ocr_line' id='line_1_4' title="bbox 441 1138 1507 1232; baseline -0.006 -21"><span class='ocrx_word' id='word_1_24' title='bbox 441 1144 682 1232; x_wconf 80' lang='lat' dir='ltr'>experientiam</span> <span class='ocrx_word' id='word_1_25' title='bbox 719 1143 852 1229; x_wconf 86' lang='lat' dir='ltr'>longam</span> <span class='ocrx_word' id='word_1_26' title='bbox 886 1143 1076 1207; x_wconf 87' lang='lat' dir='ltr'>habuerunt</span> <span class='ocrx_word' id='word_1_27' title='bbox 1108 1138 1305 1205; x_wconf 79' lang='lat' dir='ltr'>exercitium</span> <span class='ocrx_word' id='word_1_28' title='bbox 1348 1138 1507 1206; x_wconf 75' lang='lat' dir='ltr'>virtutis</span> 
     </span>
     <span class='ocr_line' id='line_1_5' title="bbox 441 1241 1506 1330; baseline -0.006 -17"><span class='ocrx_word' id='word_1_29' title='bbox 441 1248 567 1313; x_wconf 84' lang='lat' dir='ltr'>Seneca</span> <span class='ocrx_word' id='word_1_30' title='bbox 588 1266 667 1311; x_wconf 86' lang='lat' dir='ltr'>vero</span> <span class='ocrx_word' id='word_1_31' title='bbox 690 1245 792 1309; x_wconf 85' lang='lat' dir='ltr'>refert</span> <span class='ocrx_word' id='word_1_32' title='bbox 815 1242 856 1308; x_wconf 89' lang='lat' dir='ltr'>de</span> <span class='ocrx_word' id='word_1_33' title='bbox 879 1243 993 1330; x_wconf 82' lang='lat' dir='ltr'>seipse,</span> <span class='ocrx_word' id='word_1_34' title='bbox 1010 1242 1100 1327; x_wconf 92' lang='lat' dir='ltr'>quod</span> <span class='ocrx_word' id='word_1_35' title='bbox 1123 1241 1214 1308; x_wconf 93' lang='lat' dir='ltr'>omni</span> <span class='ocrx_word' id='word_1_36' title='bbox 1237 1241 1291 1307; x_wconf 91' lang='lat' dir='ltr'>die</span> <span class='ocrx_word' id='word_1_37' title='bbox 1314 1245 1506 1327; x_wconf 86' lang='lat' dir='ltr'>antequam</span> 
     </span>
     <span class='ocr_line' id='line_1_6' title="bbox 441 1342 1508 1421; baseline -0.005 -7"><span class='ocrx_word' id='word_1_38' title='bbox 441 1350 477 1414; x_wconf 92' lang='lat' dir='ltr'>in</span> <span class='ocrx_word' id='word_1_39' title='bbox 499 1354 597 1414; x_wconf 91' lang='lat' dir='ltr'>nocte</span> <span class='ocrx_word' id='word_1_40' title='bbox 629 1347 798 1421; x_wconf 89' lang='lat' dir='ltr'>dormiret,</span> <span class='ocrx_word' id='word_1_41' title='bbox 837 1349 945 1410; x_wconf 86' lang='lat' dir='ltr'>totam</span> <span class='ocrx_word' id='word_1_42' title='bbox 976 1345 1085 1410; x_wconf 86' lang='lat' dir='ltr'>vitam</span> <span class='ocrx_word' id='word_1_43' title='bbox 1122 1365 1217 1409; x_wconf 89' lang='lat' dir='ltr'>suam</span> <span class='ocrx_word' id='word_1_44' title='bbox 1255 1342 1409 1409; x_wconf 85' lang='lat' dir='ltr'>diurnam</span> <span class='ocrx_word' id='word_1_45' title='bbox 1447 1365 1508 1409; x_wconf 88' lang='lat' dir='ltr'>re·</span> 
     </span>
     <span class='ocr_line' id='line_1_7' title="bbox 441 1445 1506 1532; baseline -0.007 -15"><span class='ocrx_word' id='word_1_46' title='bbox 441 1451 572 1531; x_wconf 87' lang='lat' dir='ltr'>coleret,</span> <span class='ocrx_word' id='word_1_47' title='bbox 596 1454 635 1513; x_wconf 92' lang='lat' dir='ltr'>ut</span> <span class='ocrx_word' id='word_1_48' title='bbox 656 1448 787 1514; x_wconf 82' lang='lat' dir='ltr'>videret</span> <span class='ocrx_word' id='word_1_49' title='bbox 809 1447 846 1510; x_wconf 94' lang='lat' dir='ltr'>in</span> <span class='ocrx_word' id='word_1_50' title='bbox 868 1447 988 1532; x_wconf 91' lang='lat' dir='ltr'>quibus</span> <span class='ocrx_word' id='word_1_51' title='bbox 1019 1447 1130 1512; x_wconf 85' lang='lat' dir='ltr'>verbis</span> <span class='ocrx_word' id='word_1_52' title='bbox 1153 1450 1188 1511; x_wconf 90' lang='lat' dir='ltr'>et</span> <span class='ocrx_word' id='word_1_53' title='bbox 1210 1445 1305 1511; x_wconf 81' lang='lat' dir='ltr'>factis</span> <span class='ocrx_word' id='word_1_54' title='bbox 1326 1450 1388 1511; x_wconf 89' lang='lat' dir='ltr'>aut</span> <span class='ocrx_word' id='word_1_55' title='bbox 1410 1445 1506 1511; x_wconf 87' lang='lat' dir='ltr'>male</span> 
     </span>
    </p>
   </div>
   <div class='ocr_carea' id='block_1_3' title="bbox 441 1547 1634 1635">
    <p class='ocr_par' dir='ltr' id='par_1_3' title="bbox 441 1547 1634 1635">
     <span class='ocr_line' id='line_1_8' title="bbox 441 1547 1634 1635; baseline -0.007 -16"><span class='ocrx_word' id='word_1_56' title='bbox 441 1553 571 1619; x_wconf 88' lang='lat' dir='ltr'>fecisset</span> <span class='ocrx_word' id='word_1_57' title='bbox 602 1556 662 1616; x_wconf 90' lang='lat' dir='ltr'>aut</span> <span class='ocrx_word' id='word_1_58' title='bbox 684 1550 816 1629; x_wconf 89' lang='lat' dir='ltr'>minus;</span> <span class='ocrx_word' id='word_1_59' title='bbox 840 1550 951 1615; x_wconf 87' lang='lat' dir='ltr'>dicens</span> <span class='ocrx_word' id='word_1_60' title='bbox 990 1549 1027 1613; x_wconf 93' lang='lat' dir='ltr'>in</span> <span class='ocrx_word' id='word_1_61' title='bbox 1065 1570 1130 1635; x_wconf 93' lang='lat' dir='ltr'>qno</span> <span class='ocrx_word' id='word_1_62' title='bbox 1167 1569 1289 1635; x_wconf 81' lang='lat' dir='ltr'>gravor</span> <span class='ocrx_word' id='word_1_63' title='bbox 1321 1547 1350 1615; x_wconf 88' lang='lat' dir='ltr'>si</span> <span class='ocrx_word' id='word_1_64' title='bbox 1389 1547 1505 1613; x_wconf 89' lang='lat' dir='ltr'>dicam</span> <span class='ocrx_word' id='word_1_65' title='bbox 1629 1613 1634 1620; x_wconf 91' lang='lat'><em>.</em></span> 
     </span>
    </p>
   </div>
   <div class='ocr_carea' id='block_1_4' title="bbox 376 1649 1588 4495">
    <p class='ocr_par' dir='ltr' id='par_1_4' title="bbox 376 1649 1507 1945">
     <span class='ocr_line' id='line_1_9' title="bbox 441 1649 1507 1740; baseline -0.003 -22"><span class='ocrx_word' id='word_1_66' title='bbox 441 1653 619 1740; x_wconf 88' lang='lat' dir='ltr'>mihiipsi,</span> <span class='ocrx_word' id='word_1_67' title='bbox 655 1650 797 1717; x_wconf 86' lang='lat' dir='ltr'>videns</span> <span class='ocrx_word' id='word_1_68' title='bbox 819 1650 894 1737; x_wconf 90' lang='lat' dir='ltr'>plus</span> <span class='ocrx_word' id='word_1_69' title='bbox 928 1650 1042 1716; x_wconf 85' lang='lat' dir='ltr'>feceris</span> <span class='ocrx_word' id='word_1_70' title='bbox 1076 1651 1146 1728; x_wconf 92' lang='lat' dir='ltr'>hoc,</span> <span class='ocrx_word' id='word_1_71' title='bbox 1178 1650 1233 1715; x_wconf 89' lang='lat' dir='ltr'>vel</span> <span class='ocrx_word' id='word_1_72' title='bbox 1260 1649 1393 1716; x_wconf 82' lang='lat' dir='ltr'>dixeris</span> <span class='ocrx_word' id='word_1_73' title='bbox 1454 1650 1507 1715; x_wconf 89' lang='lat' dir='ltr'>Et</span> 
     </span>
     <span class='ocr_line' id='line_1_10' title="bbox 442 1751 1504 1838; baseline -0.001 -16"><span class='ocrx_word' id='word_1_74' title='bbox 442 1762 554 1822; x_wconf 89' lang='lat' dir='ltr'>tamen</span> <span class='ocrx_word' id='word_1_75' title='bbox 585 1754 703 1820; x_wconf 90' lang='lat' dir='ltr'>habuit</span> <span class='ocrx_word' id='word_1_76' title='bbox 737 1774 876 1819; x_wconf 89' lang='lat' dir='ltr'>uxorem</span> <span class='ocrx_word' id='word_1_77' title='bbox 909 1753 1013 1838; x_wconf 85' lang='lat' dir='ltr'>juxta</span> <span class='ocrx_word' id='word_1_78' title='bbox 1044 1775 1089 1832; x_wconf 90' lang='lat' dir='ltr'>se,</span> <span class='ocrx_word' id='word_1_79' title='bbox 1112 1774 1188 1838; x_wconf 80' lang='lat' dir='ltr'>quae</span> <span class='ocrx_word' id='word_1_80' title='bbox 1215 1773 1282 1817; x_wconf 91' lang='lat' dir='ltr'>non</span> <span class='ocrx_word' id='word_1_81' title='bbox 1314 1751 1380 1817; x_wconf 81' lang='lat' dir='ltr'>fnit</span> <span class='ocrx_word' id='word_1_82' title='bbox 1416 1774 1504 1821; x_wconf 87' lang='lat' dir='ltr'>ausa</span> 
     </span>
     <span class='ocr_line' id='line_1_11' title="bbox 376 1853 1430 1945; baseline -0.006 -20"><span class='ocrx_word' id='word_1_83' title='bbox 376 1920 380 1925; x_wconf 93' lang='lat'>.</span> <span class='ocrx_word' id='word_1_84' title='bbox 441 1857 602 1945; x_wconf 89' lang='lat' dir='ltr'>impedire</span> <span class='ocrx_word' id='word_1_85' title='bbox 625 1878 711 1935; x_wconf 90' lang='lat' dir='ltr'>eum,</span> <span class='ocrx_word' id='word_1_86' title='bbox 733 1856 848 1936; x_wconf 89' lang='lat' dir='ltr'>sciens,</span> <span class='ocrx_word' id='word_1_87' title='bbox 871 1855 992 1931; x_wconf 81' lang='lat' dir='ltr'>nteit,</span> <span class='ocrx_word' id='word_1_88' title='bbox 1017 1876 1125 1919; x_wconf 90' lang='lat' dir='ltr'>meam</span> <span class='ocrx_word' id='word_1_89' title='bbox 1148 1853 1430 1920; x_wconf 75' lang='lat' dir='ltr'>consuetudinem.</span> 
     </span>
    </p>

    <p class='ocr_par' dir='ltr' id='par_1_5' title="bbox 442 1956 1505 3168">
     <span class='ocr_line' id='line_1_12' title="bbox 487 1956 1504 2045; baseline -0.003 -19"><span class='ocrx_word' id='word_1_90' title='bbox 487 1961 641 2045; x_wconf 87' lang='lat' dir='ltr'>Oquam</span> <span class='ocrx_word' id='word_1_91' title='bbox 664 1956 780 2022; x_wconf 91' lang='lat' dir='ltr'>efficax</span> <span class='ocrx_word' id='word_1_92' title='bbox 814 1963 1046 2044; x_wconf 78' lang='lat' dir='ltr'>argumentum</span> <span class='ocrx_word' id='word_1_93' title='bbox 1078 1956 1202 2022; x_wconf 86' lang='lat' dir='ltr'>morale</span> <span class='ocrx_word' id='word_1_94' title='bbox 1224 1977 1283 2043; x_wconf 89' lang='lat' dir='ltr'>per</span> <span class='ocrx_word' id='word_1_95' title='bbox 1305 1957 1504 2044; x_wconf 86' lang='lat' dir='ltr'>exemplum</span> 
     </span>
     <span class='ocr_line' id='line_1_13' title="bbox 442 2057 1503 2146; baseline -0.003 -18"><span class='ocrx_word' id='word_1_96' title='bbox 442 2063 530 2128; x_wconf 92' lang='lat' dir='ltr'>tanti</span> <span class='ocrx_word' id='word_1_97' title='bbox 553 2061 619 2127; x_wconf 88' lang='lat' dir='ltr'>viri</span> <span class='ocrx_word' id='word_1_98' title='bbox 651 2061 814 2146; x_wconf 86' lang='lat' dir='ltr'>accipitur</span> <span class='ocrx_word' id='word_1_99' title='bbox 844 2059 906 2135; x_wconf 91' lang='lat' dir='ltr'>hic,</span> <span class='ocrx_word' id='word_1_100' title='bbox 930 2064 969 2125; x_wconf 93' lang='lat' dir='ltr'>ut</span> <span class='ocrx_word' id='word_1_101' title='bbox 992 2057 1135 2145; x_wconf 87' lang='lat' dir='ltr'>quilibet</span> <span class='ocrx_word' id='word_1_102' title='bbox 1167 2057 1378 2125; x_wconf 77' lang='lat' dir='ltr'>Christianus</span> <span class='ocrx_word' id='word_1_103' title='bbox 1409 2059 1503 2125; x_wconf 86' lang='lat' dir='ltr'>exci-</span> 
     </span>
     <span class='ocr_line' id='line_1_14' title="bbox 442 2160 1505 2249; baseline -0.001 -20"><span class='ocrx_word' id='word_1_104' title='bbox 442 2168 542 2241; x_wconf 90' lang='lat' dir='ltr'>tetur,</span> <span class='ocrx_word' id='word_1_105' title='bbox 580 2169 744 2249; x_wconf 88' lang='lat' dir='ltr'>quatenus</span> <span class='ocrx_word' id='word_1_106' title='bbox 782 2167 961 2247; x_wconf 88' lang='lat' dir='ltr'>antequam</span> <span class='ocrx_word' id='word_1_107' title='bbox 999 2160 1143 2226; x_wconf 90' lang='lat' dir='ltr'>dormiat</span> <span class='ocrx_word' id='word_1_108' title='bbox 1180 2160 1352 2247; x_wconf 80' lang='lat' dir='ltr'>recolligat</span> <span class='ocrx_word' id='word_1_109' title='bbox 1385 2162 1505 2228; x_wconf 88' lang='lat' dir='ltr'>omnia</span> 
     </span>
     <span class='ocr_line' id='line_1_15' title="bbox 442 2263 1503 2346; baseline -0.001 -16"><span class='ocrx_word' id='word_1_110' title='bbox 442 2266 531 2331; x_wconf 85' lang='lat' dir='ltr'>facta</span> <span class='ocrx_word' id='word_1_111' title='bbox 554 2271 589 2331; x_wconf 88' lang='lat' dir='ltr'>et</span> <span class='ocrx_word' id='word_1_112' title='bbox 611 2265 703 2330; x_wconf 90' lang='lat' dir='ltr'>dicta</span> <span class='ocrx_word' id='word_1_113' title='bbox 725 2264 853 2342; x_wconf 89' lang='lat' dir='ltr'>diurna,</span> <span class='ocrx_word' id='word_1_114' title='bbox 878 2263 976 2330; x_wconf 88' lang='lat' dir='ltr'>etde</span> <span class='ocrx_word' id='word_1_115' title='bbox 1007 2263 1060 2328; x_wconf 89' lang='lat' dir='ltr'>his</span> <span class='ocrx_word' id='word_1_116' title='bbox 1092 2263 1291 2329; x_wconf 86' lang='lat' dir='ltr'>confiteatur</span> <span class='ocrx_word' id='word_1_117' title='bbox 1324 2264 1503 2346; x_wconf 80' lang='lat' dir='ltr'>sacerdoti,</span> 
     </span>
     <span class='ocr_line' id='line_1_16' title="bbox 442 2365 1505 2451; baseline 0 -20"><span class='ocrx_word' id='word_1_118' title='bbox 442 2367 471 2432; x_wconf 91' lang='lat' dir='ltr'>si</span> <span class='ocrx_word' id='word_1_119' title='bbox 494 2367 621 2451; x_wconf 90' lang='lat' dir='ltr'>copiam</span> <span class='ocrx_word' id='word_1_120' title='bbox 644 2365 748 2451; x_wconf 88' lang='lat' dir='ltr'>possit</span> <span class='ocrx_word' id='word_1_121' title='bbox 770 2365 917 2446; x_wconf 88' lang='lat' dir='ltr'>habere;</span> <span class='ocrx_word' id='word_1_122' title='bbox 955 2370 1015 2429; x_wconf 92' lang='lat' dir='ltr'>aut</span> <span class='ocrx_word' id='word_1_123' title='bbox 1050 2365 1168 2430; x_wconf 89' lang='lat' dir='ltr'>saltem</span> <span class='ocrx_word' id='word_1_124' title='bbox 1203 2386 1312 2431; x_wconf 91' lang='lat' dir='ltr'>coram</span> <span class='ocrx_word' id='word_1_125' title='bbox 1334 2365 1404 2431; x_wconf 87' lang='lat' dir='ltr'>solo</span> <span class='ocrx_word' id='word_1_126' title='bbox 1427 2365 1505 2432; x_wconf 90' lang='lat' dir='ltr'>Deo</span> 
     </span>
     <span class='ocr_line' id='line_1_17' title="bbox 442 2465 1505 2554; baseline 0.003 -23"><span class='ocrx_word' id='word_1_127' title='bbox 442 2468 593 2533; x_wconf 90' lang='lat' dir='ltr'>revolvat</span> <span class='ocrx_word' id='word_1_128' title='bbox 615 2488 675 2531; x_wconf 90' lang='lat' dir='ltr'>sua</span> <span class='ocrx_word' id='word_1_129' title='bbox 698 2465 827 2532; x_wconf 90' lang='lat' dir='ltr'>delicta.</span> <span class='ocrx_word' id='word_1_130' title='bbox 883 2465 921 2532; x_wconf 92' lang='lat' dir='ltr'>Si</span> <span class='ocrx_word' id='word_1_131' title='bbox 944 2466 1033 2531; x_wconf 89' lang='lat' dir='ltr'>enim</span> <span class='ocrx_word' id='word_1_132' title='bbox 1066 2466 1166 2531; x_wconf 91' lang='lat' dir='ltr'>homo</span> <span class='ocrx_word' id='word_1_133' title='bbox 1200 2488 1359 2554; x_wconf 85' lang='lat' dir='ltr'>paganus,</span> <span class='ocrx_word' id='word_1_134' title='bbox 1387 2468 1505 2554; x_wconf 82' lang='lat' dir='ltr'>gratia</span> 
     </span>
     <span class='ocr_line' id='line_1_18' title="bbox 443 2568 1504 2649; baseline 0.004 -16"><span class='ocrx_word' id='word_1_135' title='bbox 443 2569 522 2634; x_wconf 89' lang='lat' dir='ltr'>fidei</span> <span class='ocrx_word' id='word_1_136' title='bbox 545 2590 613 2633; x_wconf 94' lang='lat' dir='ltr'>non</span> <span class='ocrx_word' id='word_1_137' title='bbox 636 2568 831 2649; x_wconf 88' lang='lat' dir='ltr'>illustratus,</span> <span class='ocrx_word' id='word_1_138' title='bbox 864 2568 926 2634; x_wconf 89' lang='lat' dir='ltr'>hoc</span> <span class='ocrx_word' id='word_1_139' title='bbox 957 2568 1047 2649; x_wconf 83' lang='lat' dir='ltr'>fecit,</span> <span class='ocrx_word' id='word_1_140' title='bbox 1080 2569 1201 2635; x_wconf 90' lang='lat' dir='ltr'>ductus</span> <span class='ocrx_word' id='word_1_141' title='bbox 1224 2569 1294 2634; x_wconf 87' lang='lat' dir='ltr'>sola</span> <span class='ocrx_word' id='word_1_142' title='bbox 1315 2569 1504 2637; x_wconf 83' lang='lat' dir='ltr'>vivacitate</span> 
     </span>
     <span class='ocr_line' id='line_1_19' title="bbox 442 2670 1503 2759; baseline 0.004 -24"><span class='ocrx_word' id='word_1_143' title='bbox 442 2671 590 2750; x_wconf 90' lang='lat' dir='ltr'>rationis,</span> <span class='ocrx_word' id='word_1_144' title='bbox 637 2674 764 2759; x_wconf 88' lang='lat' dir='ltr'>quanto</span> <span class='ocrx_word' id='word_1_145' title='bbox 807 2670 914 2757; x_wconf 86' lang='lat' dir='ltr'>magis</span> <span class='ocrx_word' id='word_1_146' title='bbox 955 2670 1055 2735; x_wconf 91' lang='lat' dir='ltr'>debet</span> <span class='ocrx_word' id='word_1_147' title='bbox 1099 2670 1241 2756; x_wconf 90' lang='lat' dir='ltr'>quilibet</span> <span class='ocrx_word' id='word_1_148' title='bbox 1286 2670 1503 2739; x_wconf 83' lang='lat' dir='ltr'>Christianus</span> 
     </span>
     <span class='ocr_line' id='line_1_20' title="bbox 442 2771 1503 2860; baseline 0.001 -21"><span class='ocrx_word' id='word_1_149' title='bbox 442 2773 631 2852; x_wconf 77' lang='lat' dir='ltr'>heclocaro,</span> <span class='ocrx_word' id='word_1_150' title='bbox 647 2773 704 2858; x_wconf 92' lang='lat' dir='ltr'>qui</span> <span class='ocrx_word' id='word_1_151' title='bbox 727 2794 796 2837; x_wconf 92' lang='lat' dir='ltr'>non</span> <span class='ocrx_word' id='word_1_152' title='bbox 817 2773 924 2839; x_wconf 92' lang='lat' dir='ltr'>solum</span> <span class='ocrx_word' id='word_1_153' title='bbox 946 2794 1021 2838; x_wconf 91' lang='lat' dir='ltr'>cum</span> <span class='ocrx_word' id='word_1_154' title='bbox 1044 2771 1169 2838; x_wconf 85' lang='lat' dir='ltr'>Seneca</span> <span class='ocrx_word' id='word_1_155' title='bbox 1183 2772 1285 2839; x_wconf 88' lang='lat' dir='ltr'>habet</span> <span class='ocrx_word' id='word_1_156' title='bbox 1299 2777 1503 2860; x_wconf 87' lang='lat' dir='ltr'>potestatem</span> 
     </span>
     <span class='ocr_line' id='line_1_21' title="bbox 442 2874 1504 2963; baseline 0.001 -20"><span class='ocrx_word' id='word_1_157' title='bbox 442 2877 591 2956; x_wconf 90' lang='lat' dir='ltr'>rationis,</span> <span class='ocrx_word' id='word_1_158' title='bbox 616 2876 674 2942; x_wconf 88' lang='lat' dir='ltr'>sed</span> <span class='ocrx_word' id='word_1_159' title='bbox 708 2874 838 2941; x_wconf 86' lang='lat' dir='ltr'>excedit</span> <span class='ocrx_word' id='word_1_160' title='bbox 860 2897 936 2941; x_wconf 89' lang='lat' dir='ltr'>eum</span> <span class='ocrx_word' id='word_1_161' title='bbox 959 2875 996 2939; x_wconf 92' lang='lat' dir='ltr'>in</span> <span class='ocrx_word' id='word_1_162' title='bbox 1018 2874 1190 2940; x_wconf 84' lang='lat' dir='ltr'>infinitum</span> <span class='ocrx_word' id='word_1_163' title='bbox 1212 2896 1271 2961; x_wconf 88' lang='lat' dir='ltr'>per</span> <span class='ocrx_word' id='word_1_164' title='bbox 1299 2875 1504 2963; x_wconf 87' lang='lat' dir='ltr'>sapientiam</span> 
     </span>
     <span class='ocr_line' id='line_1_22' title="bbox 445 2977 1502 3065; baseline 0 -20"><span class='ocrx_word' id='word_1_165' title='bbox 445 2980 679 3046; x_wconf 77' lang='lat' dir='ltr'>Christianam.</span> <span class='ocrx_word' id='word_1_166' title='bbox 714 2977 807 3044; x_wconf 62' lang='lat' dir='ltr'>&#39;Sed</span> <span class='ocrx_word' id='word_1_167' title='bbox 842 2979 882 3044; x_wconf 91' lang='lat' dir='ltr'>de</span> <span class='ocrx_word' id='word_1_168' title='bbox 919 2977 971 3043; x_wconf 89' lang='lat' dir='ltr'>his</span> <span class='ocrx_word' id='word_1_169' title='bbox 994 2982 1028 3043; x_wconf 89' lang='lat' dir='ltr'>ct</span> <span class='ocrx_word' id='word_1_170' title='bbox 1051 2977 1240 3063; x_wconf 91' lang='lat' dir='ltr'>hujusmodi</span> <span class='ocrx_word' id='word_1_171' title='bbox 1262 2978 1385 3065; x_wconf 87' lang='lat' dir='ltr'>scripta</span> <span class='ocrx_word' id='word_1_172' title='bbox 1406 2980 1502 3065; x_wconf 91' lang='lat' dir='ltr'>prin·</span> 
     </span>
     <span class='ocr_line' id='line_1_23' title="bbox 445 3081 813 3168; baseline -0.008 -20"><span class='ocrx_word' id='word_1_173' title='bbox 445 3083 568 3168; x_wconf 91' lang='lat' dir='ltr'>cipalia</span> <span class='ocrx_word' id='word_1_174' title='bbox 591 3081 813 3166; x_wconf 88' lang='lat' dir='ltr'>requiruntur.</span> 
     </span>
    </p>

    <p class='ocr_par' dir='ltr' id='par_1_6' title="bbox 443 3181 1588 4495">
     <span class='ocr_line' id='line_1_24' title="bbox 490 3181 1501 3269; baseline -0.001 -20"><span class='ocrx_word' id='word_1_175' title='bbox 490 3185 558 3249; x_wconf 85' lang='lat' dir='ltr'>Sed</span> <span class='ocrx_word' id='word_1_176' title='bbox 591 3183 715 3248; x_wconf 86' lang='lat' dir='ltr'>diceret</span> <span class='ocrx_word' id='word_1_177' title='bbox 748 3182 868 3265; x_wconf 87' lang='lat' dir='ltr'>aliquis</span> <span class='ocrx_word' id='word_1_178' title='bbox 899 3181 980 3268; x_wconf 93' lang='lat' dir='ltr'>quid</span> <span class='ocrx_word' id='word_1_179' title='bbox 1018 3182 1090 3249; x_wconf 84' lang='lat' dir='ltr'>haec</span> <span class='ocrx_word' id='word_1_180' title='bbox 1112 3181 1156 3246; x_wconf 92' lang='lat' dir='ltr'>ad</span> <span class='ocrx_word' id='word_1_181' title='bbox 1186 3182 1319 3248; x_wconf 81' lang='lat' dir='ltr'>musicae</span> <span class='ocrx_word' id='word_1_182' title='bbox 1351 3183 1501 3269; x_wconf 90' lang='lat' dir='ltr'>proprie-</span> 
     </span>
     <span class='ocr_line' id='line_1_25' title="bbox 445 3277 1502 3371; baseline 0.004 -23"><span class='ocrx_word' id='word_1_183' title='bbox 445 3287 577 3349; x_wconf 68' lang='lat' dir='ltr'>tatem?</span> <span class='ocrx_word' id='word_1_184' title='bbox 623 3277 722 3349; x_wconf 85' lang='lat' dir='ltr'>Certe</span> <span class='ocrx_word' id='word_1_185' title='bbox 746 3284 897 3362; x_wconf 90' lang='lat' dir='ltr'>multum,</span> <span class='ocrx_word' id='word_1_186' title='bbox 937 3284 1038 3348; x_wconf 89' lang='lat' dir='ltr'>immo</span> <span class='ocrx_word' id='word_1_187' title='bbox 1078 3284 1327 3371; x_wconf 90' lang='lat' dir='ltr'>principaliter;</span> <span class='ocrx_word' id='word_1_188' title='bbox 1365 3289 1400 3350; x_wconf 89' lang='lat' dir='ltr'>et</span> <span class='ocrx_word' id='word_1_189' title='bbox 1437 3285 1502 3353; x_wconf 91' lang='lat' dir='ltr'>boc</span> 
     </span>
     <span class='ocr_line' id='line_1_26' title="bbox 443 3385 1500 3475; baseline 0.005 -27"><span class='ocrx_word' id='word_1_190' title='bbox 443 3387 517 3449; x_wconf 93' lang='lat' dir='ltr'>volo</span> <span class='ocrx_word' id='word_1_191' title='bbox 550 3385 729 3465; x_wconf 87' lang='lat' dir='ltr'>ostendere,</span> <span class='ocrx_word' id='word_1_192' title='bbox 754 3390 794 3449; x_wconf 93' lang='lat' dir='ltr'>ut</span> <span class='ocrx_word' id='word_1_193' title='bbox 817 3391 976 3472; x_wconf 89' lang='lat' dir='ltr'>appareat</span> <span class='ocrx_word' id='word_1_194' title='bbox 1008 3387 1089 3470; x_wconf 90' lang='lat' dir='ltr'>quid</span> <span class='ocrx_word' id='word_1_195' title='bbox 1123 3392 1173 3453; x_wconf 90' lang='lat' dir='ltr'>est</span> <span class='ocrx_word' id='word_1_196' title='bbox 1204 3387 1374 3475; x_wconf 90' lang='lat' dir='ltr'>proprium</span> <span class='ocrx_word' id='word_1_197' title='bbox 1396 3388 1500 3455; x_wconf 89' lang='lat' dir='ltr'>unius</span> 
     </span>
     <span class='ocr_line' id='line_1_27' title="bbox 444 3487 1501 3576; baseline 0.005 -24"><span class='ocrx_word' id='word_1_198' title='bbox 444 3487 591 3552; x_wconf 75' lang='lat' dir='ltr'>scientim</span> <span class='ocrx_word' id='word_1_199' title='bbox 614 3488 751 3572; x_wconf 87' lang='lat' dir='ltr'>etquid</span> <span class='ocrx_word' id='word_1_200' title='bbox 781 3487 925 3555; x_wconf 87' lang='lat' dir='ltr'>alterius</span> <span class='ocrx_word' id='word_1_201' title='bbox 980 3489 1059 3553; x_wconf 91' lang='lat' dir='ltr'>Non</span> <span class='ocrx_word' id='word_1_202' title='bbox 1094 3488 1182 3553; x_wconf 89' lang='lat' dir='ltr'>enim</span> <span class='ocrx_word' id='word_1_203' title='bbox 1214 3512 1346 3576; x_wconf 88' lang='lat' dir='ltr'>possum</span> <span class='ocrx_word' id='word_1_204' title='bbox 1376 3512 1501 3576; x_wconf 82' lang='lat' dir='ltr'>negare</span> 
     </span>
     <span class='ocr_line' id='line_1_28' title="bbox 444 3577 1501 3675; baseline 0.005 -20"><span class='ocrx_word' id='word_1_205' title='bbox 444 3577 526 3675; x_wconf 61' lang='lat' dir='ltr'>(inin</span> <span class='ocrx_word' id='word_1_206' title='bbox 556 3589 672 3655; x_wconf 74' lang='lat' dir='ltr'>multae</span> <span class='ocrx_word' id='word_1_207' title='bbox 704 3590 848 3656; x_wconf 86' lang='lat' dir='ltr'>scientiae</span> <span class='ocrx_word' id='word_1_208' title='bbox 879 3591 1089 3657; x_wconf 87' lang='lat' dir='ltr'>considerent</span> <span class='ocrx_word' id='word_1_209' title='bbox 1119 3591 1198 3658; x_wconf 85' lang='lat' dir='ltr'>haec</span> <span class='ocrx_word' id='word_1_210' title='bbox 1245 3592 1334 3657; x_wconf 90' lang='lat' dir='ltr'>Nam</span> <span class='ocrx_word' id='word_1_211' title='bbox 1364 3595 1501 3660; x_wconf 88' lang='lat' dir='ltr'>moralis</span> 
     </span>
     <span class='ocr_line' id='line_1_29' title="bbox 443 3693 1501 3781; baseline 0.004 -24"><span class='ocrx_word' id='word_1_212' title='bbox 443 3693 656 3778; x_wconf 87' lang='lat' dir='ltr'>philosophus</span> <span class='ocrx_word' id='word_1_213' title='bbox 680 3693 742 3757; x_wconf 90' lang='lat' dir='ltr'>scit</span> <span class='ocrx_word' id='word_1_214' title='bbox 765 3694 816 3758; x_wconf 90' lang='lat' dir='ltr'>uti</span> <span class='ocrx_word' id='word_1_215' title='bbox 840 3715 987 3759; x_wconf 90' lang='lat' dir='ltr'>sermone</span> <span class='ocrx_word' id='word_1_216' title='bbox 1011 3694 1115 3773; x_wconf 89' lang='lat' dir='ltr'>suavi,</span> <span class='ocrx_word' id='word_1_217' title='bbox 1133 3700 1167 3758; x_wconf 90' lang='lat' dir='ltr'>et</span> <span class='ocrx_word' id='word_1_218' title='bbox 1181 3696 1328 3781; x_wconf 84' lang='lat' dir='ltr'>gestibus</span> <span class='ocrx_word' id='word_1_219' title='bbox 1344 3696 1501 3761; x_wconf 88' lang='lat' dir='ltr'>conveni-</span> 
     </span>
     <span class='ocr_line' id='line_1_30' title="bbox 444 3794 1501 3864; baseline 0.005 -5"><span class='ocrx_word' id='word_1_220' title='bbox 444 3797 578 3860; x_wconf 90' lang='lat' dir='ltr'>entibus</span> <span class='ocrx_word' id='word_1_221' title='bbox 601 3795 743 3861; x_wconf 89' lang='lat' dir='ltr'>orationi</span> <span class='ocrx_word' id='word_1_222' title='bbox 768 3794 956 3861; x_wconf 88' lang='lat' dir='ltr'>delectabili</span> <span class='ocrx_word' id='word_1_223' title='bbox 979 3796 1230 3862; x_wconf 86' lang='lat' dir='ltr'>conformandis.</span> <span class='ocrx_word' id='word_1_224' title='bbox 1277 3796 1438 3864; x_wconf 88' lang='lat' dir='ltr'>Similiter</span> <span class='ocrx_word' id='word_1_225' title='bbox 1452 3798 1501 3864; x_wconf 91' lang='lat' dir='ltr'>lo·</span> 
     </span>
     <span class='ocr_line' id='line_1_31' title="bbox 443 3897 1500 3983; baseline 0.003 -20"><span class='ocrx_word' id='word_1_226' title='bbox 443 3898 535 3983; x_wconf 84' lang='lat' dir='ltr'>gicus</span> <span class='ocrx_word' id='word_1_227' title='bbox 559 3903 593 3963; x_wconf 90' lang='lat' dir='ltr'>et</span> <span class='ocrx_word' id='word_1_228' title='bbox 615 3897 858 3983; x_wconf 83' lang='lat' dir='ltr'>grammaticus</span> <span class='ocrx_word' id='word_1_229' title='bbox 916 3898 981 3962; x_wconf 89' lang='lat' dir='ltr'>Sed</span> <span class='ocrx_word' id='word_1_230' title='bbox 1003 3899 1127 3964; x_wconf 90' lang='lat' dir='ltr'>nullius</span> <span class='ocrx_word' id='word_1_231' title='bbox 1150 3899 1289 3965; x_wconf 87' lang='lat' dir='ltr'>istorum</span> <span class='ocrx_word' id='word_1_232' title='bbox 1313 3905 1362 3965; x_wconf 85' lang='lat' dir='ltr'>est</span> <span class='ocrx_word' id='word_1_233' title='bbox 1385 3921 1500 3967; x_wconf 80' lang='lat' dir='ltr'>causas</span> 
     </span>
     <span class='ocr_line' id='line_1_32' title="bbox 444 4000 1500 4087; baseline 0.005 -23"><span class='ocrx_word' id='word_1_234' title='bbox 444 4007 479 4065; x_wconf 92' lang='lat' dir='ltr'>et</span> <span class='ocrx_word' id='word_1_235' title='bbox 501 4002 648 4066; x_wconf 91' lang='lat' dir='ltr'>rationes</span> <span class='ocrx_word' id='word_1_236' title='bbox 683 4000 857 4085; x_wconf 82' lang='lat' dir='ltr'>assignare,</span> <span class='ocrx_word' id='word_1_237' title='bbox 881 4001 938 4066; x_wconf 90' lang='lat' dir='ltr'>sed</span> <span class='ocrx_word' id='word_1_238' title='bbox 960 4001 1097 4066; x_wconf 87' lang='lat' dir='ltr'>alterius</span> <span class='ocrx_word' id='word_1_239' title='bbox 1120 4002 1274 4068; x_wconf 86' lang='lat' dir='ltr'>scientiae.</span> <span class='ocrx_word' id='word_1_240' title='bbox 1342 4001 1387 4067; x_wconf 86' lang='lat' dir='ltr'>Et</span> <span class='ocrx_word' id='word_1_241' title='bbox 1409 4004 1500 4087; x_wconf 87' lang='lat' dir='ltr'>quod</span> 
     </span>
     <span class='ocr_line' id='line_1_33' title="bbox 443 4088 1588 4190; baseline 0.006 -25"><span class='ocrx_word' id='word_1_242' title='bbox 443 4102 514 4168; x_wconf 86' lang='lat' dir='ltr'>haec</span> <span class='ocrx_word' id='word_1_243' title='bbox 545 4105 590 4168; x_wconf 90' lang='lat' dir='ltr'>sit</span> <span class='ocrx_word' id='word_1_244' title='bbox 613 4104 738 4167; x_wconf 86' lang='lat' dir='ltr'>musica</span> <span class='ocrx_word' id='word_1_245' title='bbox 761 4107 856 4189; x_wconf 90' lang='lat' dir='ltr'>patet</span> <span class='ocrx_word' id='word_1_246' title='bbox 878 4125 937 4188; x_wconf 86' lang='lat' dir='ltr'>per</span> <span class='ocrx_word' id='word_1_247' title='bbox 959 4125 998 4168; x_wconf 91' lang='lat' dir='ltr'>ea</span> <span class='ocrx_word' id='word_1_248' title='bbox 1021 4127 1095 4190; x_wconf 86' lang='lat' dir='ltr'>quae</span> <span class='ocrx_word' id='word_1_249' title='bbox 1119 4104 1163 4168; x_wconf 91' lang='lat' dir='ltr'>ad</span> <span class='ocrx_word' id='word_1_250' title='bbox 1194 4105 1254 4170; x_wconf 89' lang='lat' dir='ltr'>hos</span> <span class='ocrx_word' id='word_1_251' title='bbox 1276 4126 1440 4171; x_wconf 89' lang='lat' dir='ltr'>sermones</span> <span class='ocrx_word' id='word_1_252' title='bbox 1464 4111 1500 4172; x_wconf 88' lang='lat' dir='ltr'>et</span> <span class='ocrx_word' id='word_1_253' title='bbox 1583 4088 1588 4096; x_wconf 41' lang='lat'><strong>¹</strong></span> 
     </span>
     <span class='ocr_line' id='line_1_34' title="bbox 444 4205 1501 4289; baseline 0.006 -22"><span class='ocrx_word' id='word_1_254' title='bbox 444 4210 559 4287; x_wconf 87' lang='lat' dir='ltr'>gestus</span> <span class='ocrx_word' id='word_1_255' title='bbox 582 4205 748 4289; x_wconf 88' lang='lat' dir='ltr'>pertinere</span> <span class='ocrx_word' id='word_1_256' title='bbox 771 4211 960 4270; x_wconf 88' lang='lat' dir='ltr'>noscuntur.</span> <span class='ocrx_word' id='word_1_257' title='bbox 999 4206 1196 4272; x_wconf 88' lang='lat' dir='ltr'>Aristoteles</span> <span class='ocrx_word' id='word_1_258' title='bbox 1216 4208 1309 4272; x_wconf 87' lang='lat' dir='ltr'>enim</span> <span class='ocrx_word' id='word_1_259' title='bbox 1331 4212 1366 4272; x_wconf 90' lang='lat' dir='ltr'>et</span> <span class='ocrx_word' id='word_1_260' title='bbox 1388 4229 1501 4274; x_wconf 91' lang='lat' dir='ltr'>omnes</span> 
     </span>
     <span class='ocr_line' id='line_1_35' title="bbox 443 4302 1499 4390; baseline 0.009 -24"><span class='ocrx_word' id='word_1_261' title='bbox 443 4302 535 4386; x_wconf 74' lang='lat' dir='ltr'>ejus⁹</span> <span class='ocrx_word' id='word_1_262' title='bbox 559 4306 763 4390; x_wconf 83' lang='lat' dir='ltr'>expositores</span> <span class='ocrx_word' id='word_1_263' title='bbox 785 4306 821 4370; x_wconf 93' lang='lat' dir='ltr'>in</span> <span class='ocrx_word' id='word_1_264' title='bbox 844 4307 938 4372; x_wconf 90' lang='lat' dir='ltr'>libris</span> <span class='ocrx_word' id='word_1_265' title='bbox 961 4308 1001 4372; x_wconf 90' lang='lat' dir='ltr'>de</span> <span class='ocrx_word' id='word_1_266' title='bbox 1024 4309 1077 4373; x_wconf 88' lang='lat' dir='ltr'>his</span> <span class='ocrx_word' id='word_1_267' title='bbox 1093 4310 1300 4375; x_wconf 89' lang='lat' dir='ltr'>sermonibus</span> <span class='ocrx_word' id='word_1_268' title='bbox 1322 4313 1499 4388; x_wconf 86' lang='lat' dir='ltr'>testantur,</span> 
     </span>
     <span class='ocr_line' id='line_1_36' title="bbox 444 4406 1498 4495; baseline 0.011 -28"><span class='ocrx_word' id='word_1_269' title='bbox 444 4406 532 4489; x_wconf 89' lang='lat' dir='ltr'>quod</span> <span class='ocrx_word' id='word_1_270' title='bbox 570 4406 605 4468; x_wconf 94' lang='lat' dir='ltr'>hi</span> <span class='ocrx_word' id='word_1_271' title='bbox 644 4429 808 4473; x_wconf 89' lang='lat' dir='ltr'>sermones</span> <span class='ocrx_word' id='word_1_272' title='bbox 847 4410 969 4495; x_wconf 74' lang='lat' dir='ltr'>debent</span> <span class='ocrx_word' id='word_1_273' title='bbox 1007 4433 1076 4476; x_wconf 87' lang='lat' dir='ltr'>esse</span> <span class='ocrx_word' id='word_1_274' title='bbox 1122 4413 1158 4475; x_wconf 92' lang='lat' dir='ltr'>in</span> <span class='ocrx_word' id='word_1_275' title='bbox 1195 4413 1262 4477; x_wconf 89' lang='lat' dir='ltr'>fine</span> <span class='ocrx_word' id='word_1_276' title='bbox 1300 4409 1431 4477; x_wconf 78' lang='lat' dir='ltr'>decori³</span> <span class='ocrx_word' id='word_1_277' title='bbox 1463 4419 1498 4479; x_wconf 89' lang='lat' dir='ltr'>et</span> 
     </span>
    </p>
   </div>
   <div class='ocr_carea' id='block_1_5' title="bbox 1444 4539 1495 4547">
    <p class='ocr_par' dir='ltr' id='par_1_7' title="bbox 1444 4539 1495 4547">
     <span class='ocr_line' id='line_1_37' title="bbox 1444 4539 1495 4547; baseline 0.02 -1"><span class='ocrx_word' id='word_1_278' title='bbox 1444 4539 1495 4547; x_wconf 80' lang='lat'>—-.</span> 
     </span>
    </p>
   </div>
   <div class='ocr_carea' id='block_1_6' title="bbox 473 4584 1304 4730">
    <p class='ocr_par' dir='ltr' id='par_1_8' title="bbox 473 4584 1304 4730">
     <span class='ocr_line' id='line_1_38' title="bbox 475 4584 1304 4657; baseline 0.013 -27"><span class='ocrx_word' id='word_1_279' title='bbox 475 4584 655 4649; x_wconf 60' lang='lat' dir='ltr'>&#39;fuissentsid</span> <span class='ocrx_word' id='word_1_280' title='bbox 676 4585 713 4636; x_wconf 89' lang='lat' dir='ltr'>sic</span> <span class='ocrx_word' id='word_1_281' title='bbox 723 4585 836 4650; x_wconf 75' lang='lat' dir='ltr'>fuissent,</span> <span class='ocrx_word' id='word_1_282' title='bbox 847 4589 877 4639; x_wconf 93' lang='lat' dir='ltr'>B.</span> <span class='ocrx_word' id='word_1_283' title='bbox 1026 4592 1138 4657; x_wconf 63' lang='lat' dir='ltr'>&#39;decorfl</span> <span class='ocrx_word' id='word_1_284' title='bbox 1158 4591 1262 4654; x_wconf 86' lang='lat' dir='ltr'>decoris,</span> <span class='ocrx_word' id='word_1_285' title='bbox 1273 4592 1304 4642; x_wconf 92' lang='lat' dir='ltr'>B.</span> 
     </span>
     <span class='ocr_line' id='line_1_39' title="bbox 473 4663 674 4730; baseline 0.025 -17"><span class='ocrx_word' id='word_1_286' title='bbox 473 4663 559 4730; x_wconf 71' lang='lat' dir='ltr'>¹cq&#39;us]</span> <span class='ocrx_word' id='word_1_287' title='bbox 578 4679 626 4716; x_wconf 91' lang='lat' dir='ltr'>om.</span> <span class='ocrx_word' id='word_1_288' title='bbox 643 4664 674 4718; x_wconf 88' lang='grc' dir='ltr'>Τ.</span> 
     </span>
    </p>
   </div>
   <div class='ocr_carea' id='block_1_7' title="bbox 0 0 1798 5640">
    <p class='ocr_par' dir='ltr' id='par_1_9' title="bbox 0 0 1798 5640">
     <span class='ocr_line' id='line_1_40' title="bbox 0 0 1798 5640; baseline 0 1"><span class='ocrx_word' id='word_1_289' title='bbox 0 0 1798 5640; x_wconf 95' lang='lat' dir='ltr'> </span> 
     </span>
    </p>
   </div>
  </div>
 </body>
</html>
