3586 5640
456 751 522 823 272
837 771 966 821 aoorar
989 771 1135 822 ancoris
1424 757 1515 845 [car.

451 941 550 1024 trina,
581 949 616 1010 et
645 945 852 1031 eloquentia;
894 945 1006 1034 super¹
1057 949 1179 1034 quihus
1218 953 1398 1014 attestatur
1430 950 1516 1016 Mer-

452 1044 571 1126 curius,
602 1047 660 1133 qui
682 1053 819 1113 vocatur
848 1050 1001 1115 dominus
1031 1050 1204 1136 sapientiae
1239 1055 1274 1115 et
1305 1050 1514 1136 eloquentiae,

452 1151 487 1212 et
520 1171 588 1214 non
623 1150 813 1216 dominatur
838 1152 902 1217 nisi
926 1152 962 1216 in
987 1152 1146 1240 Virgine:
1195 1157 1230 1217 et
1264 1152 1333 1218 haec
1370 1159 1420 1219 est
1458 1155 1514 1220 lex

453 1247 653 1333 Christiana,
678 1252 763 1318 siout
792 1254 856 1340 ipsi
887 1255 1065 1333 declarant,
1097 1277 1172 1341 quse
1204 1259 1255 1320 est
1296 1255 1393 1342 plena
1422 1259 1513 1322 omni

400 1355 405 1363 '
451 1354 615 1439 sapientia
645 1361 679 1422 et
704 1355 902 1442 eloquentia,
935 1362 970 1422 et
1000 1362 1051 1423 est
1087 1356 1282 1444 prophetae²
1322 1358 1380 1443 qui
1413 1365 1513 1425 natus

451 1461 504 1521 est
534 1457 576 1523 de
606 1459 752 1545 Virgine.
814 1460 859 1524 Et
879 1447 881 1452 ⁵
898 1463 986 1525 secta
1016 1459 1120 1524 Lunae
1159 1458 1317 1547 principis
1358 1460 1440 1526 foedi
1478 1467 1513 1528 et

451 1559 610 1648 maligni3
651 1566 685 1627 et
714 1562 784 1627 haec
815 1567 865 1627 est
895 1567 983 1628 secta
1012 1561 1222 1628 Antichristi.
1277 1560 1369 1627 Pono
1408 1562 1513 1650 igitur

451 1660 504 1727 hic
541 1685 694 1751 magnam
725 1665 935 1731 astronomiae
971 1670 1173 1752 potestatem
1214 1665 1393 1730 secundum
1434 1688 1510 1731 con·

446 1762 634 1848 junctiones
664 1767 871 1853 planetarum
883 1791 891 1847 ;
917 1772 951 1833 et
977 1767 1098 1855 adepto
1124 1789 1179 1832 eas
1206 1767 1249 1832 ad
1274 1773 1385 1847 sectas,
1410 1775 1510 1855 prout

450 1869 630 1934 astronomi
659 1867 807 1934 faciunt.8
862 1869 908 1935 Et
933 1869 1011 1936 licet
1040 1870 1151 1956 aliqua
1181 1869 1250 1934 sint
1275 1868 1422 1935 difficilia
1451 1871 1507 1948 eie,

450 1969 509 2055 qui
552 1993 620 2036 non
665 1971 866 2038 audiverunt
911 1971 1160 2051 astronomiam,
1207 1976 1321 2037 tamen
1373 1977 1508 2058 propter

449 2071 567 2137 seriem
591 2075 810 2159 persuasionis
836 2095 922 2160 pono
950 2095 1024 2161 quae
1054 2073 1237 2139 necessarie
1267 2077 1368 2153 sunt;
1406 2078 1507 2158 atque

449 2175 616 2240 sententia
630 2176 711 2241 satis
725 2175 852 2262 potest⁴
872 2199 893 2241 a
910 2176 1058 2261 quohbet
1080 2175 1117 2241 in
1141 2197 1271 2241 summa
1297 2174 1506 2261 deprehendi.

451 2274 498 2341 Et
535 2277 589 2342 hic
629 2277 800 2343 invenitur
840 2282 972 2365 tempus
1011 2277 1245 2344 destructionis
1287 2275 1486 2342 Machameti
1498 2304 1506 2359 ;

450 2379 538 2463 quod
568 2380 671 2464 probo
701 2401 759 2465 per
782 2379 1030 2466 philosophiam,
1058 2384 1093 2444 et
1117 2402 1176 2466 per
1200 2378 1443 2466 Apocalypsim,
1472 2385 1506 2444 et

449 2499 508 2564 per
527 2478 689 2560 effectum,
720 2481 809 2567 quod
839 2480 935 2546 valde
965 2480 1241 2548 considerandum
1268 2484 1328 2562 est,
1354 2484 1389 2546 et
1413 2502 1505 2568 mag-

450 2602 531 2646 num
553 2581 712 2668 gaudium
738 2581 942 2649 Christianis.

854 2868 933 2935 One.
957 2866 1098 2933 LXVII.

283 3076 415 3128 Iusorma-
496 3055 694 3125 SECUNDUM
728 3061 816 3147 quod
843 3081 973 3147 expono
1007 3059 1093 3124 circo
1126 3057 1342 3124 ecclesiastica
1373 3067 1424 3122 est
1461 3056 1502 3121 de

283 3144 427 3263 {fflssffile
451 3163 657 3247 corruptione
702 3163 897 3242 kalendarii,
944 3183 1017 3248 quae
1062 3165 1113 3225 est
1150 3160 1366 3225 intolerabilis
1411 3160 1500 3224 omni

449 3263 601 3347 sapienti,
634 3269 668 3330 et
701 3262 870 3330 horribilis
902 3264 993 3329 omni
1024 3268 1221 3342 astr0n0m0,
1256 3267 1290 3327 et
1325 3261 1501 3326 derisibilis

449 3364 492 3428 ab
516 3365 607 3429 omni
629 3363 855 3452 computista.⁶
901 3366 1002 3434 Unde
1026 3387 1139 3429 omnes
1160 3363 1311 3429 instructi
1336 3364 1373 3428 in
1395 3370 1499 3430 astro-

448 3467 567 3545 nomia,
591 3472 626 3532 et
652 3465 709 3532 in⁰
743 3477 906 3555 computo,
931 3474 965 3534 et
996 3468 1032 3532 in
1063 3467 1194 3543 talibus,
1219 3467 1382 3531 mirantur
1412 3467 1499 3552 quod

447 3572 517 3633 tam
550 3569 770 3635 abominanda
808 3571 935 3636 falsitas
970 3570 1177 3647 sustinetur3
1207 3569 1264 3633 sed
1299 3569 1499 3654 impossibile

447 3677 498 3737 est
520 3673 608 3759 quod
631 3673 856 3753 sustineretur,
879 3673 943 3738 nisi
959 3672 1038 3759 qnia
1059 3672 1117 3748 illi,
1133 3671 1190 3756 qui
1211 3671 1335 3736 habent
1357 3672 1498 3736 auctori-

447 3780 551 3840 tatem
583 3798 680 3862 super
712 3777 773 3841 hac
806 3776 1014 3855 correctione,
1037 3797 1104 3839 non
1141 3778 1221 3838 sunt
1252 3773 1425 3839 exercitati
1462 3774 1497 3838 in

447 3879 657 3957 astronomia,
696 3883 731 3944 et
768 3883 931 3965 comput0,
969 3883 1003 3943 et
1044 3876 1080 3940 in
1115 3873 1314 3961 hujusmodi.
1376 3875 1498 3940 Nullus

447 3981 536 4044 enim
567 3982 749 4068 percipiens
780 3982 882 4046 talem
912 3979 1190 4045 abominationem
1216 3977 1394 4042 sustineret
1416 3999 1496 4042 eam.

447 4079 493 4144 Et
514 4081 589 4147 ideo
621 4083 761 4169 quilibet
794 4083 924 4170 sapiens
947 4080 1164 4157 Christianus,
1193 4079 1251 4165 qui
1273 4080 1342 4145 haec
1363 4083 1495 4154 tractat,

479 4309 584 4372 ἀρετ]
604 4324 653 4357 om.
664 4308 694 4359 T.
1029 4307 1110 4356 'meis
1117 4305 1210 4373 maeel]
1229 4304 1389 4370 potestastis,
1401 4305 1433 4356 Τ.

480 4386 490 4414 ²
497 4386 636 4452 propheto]
656 4387 784 4450 propheta,
800 4387 831 4437 B.

479 4464 628 4513 'neocacmi
646 4465 763 4531 saciant]
791 4466 887 4517 iaciunt
902 4480 941 4516 as·

442 4543 558 4604 tronomi,
570 4543 600 4593 T.
1025 4541 1086 4608 ‘ia]
1105 4558 1154 4594 om.
1166 4543 1197 4594 B.

1027 4422 1204 4491 'computialo]
1224 4423 1380 4490 computista,
1393 4424 1422 4474 Τ.
