3586 5640
311 812 424 900 xxva]
705 826 792 876 orus
825 827 984 880 rannus
1112 772 1121 791 ι
1320 819 1363 884 99

309 1004 560 1071 mathematica.
606 1002 644 1068 Si
666 1003 771 1091 igitur
793 1003 983 1089 hujusmodi
1013 1025 1109 1071 voces
1139 1027 1215 1092 quae
1244 1027 1365 1072 vocau-

307 1114 365 1174 tur
394 1107 637 1174 incantationes
667 1111 702 1172 et
732 1107 888 1187 earmina,
927 1127 994 1172 non
1032 1107 1118 1174 fiant
1148 1109 1363 1176 consideratis

306 1212 475 1299 speciebus
499 1215 648 1296 quatuor,
671 1215 706 1275 et
727 1209 973 1276 conditionibus
997 1211 1119 1278 animas
1141 1218 1177 1277 et
1200 1213 1358 1299 corporis,

310 1315 368 1380 sed
390 1337 412 1380 a
434 1317 571 1380 meust
596 1312 777 1379 senmdum
812 1317 933 1378 nutum
964 1314 1146 1399 cujuslibet,
1172 1320 1252 1381 tunc
1283 1320 1364 1382 sunt

311 1418 458 1505 magica;
481 1421 516 1482 et
539 1437 607 1481 non
629 1416 755 1481 habent
776 1417 938 1481 virtutem
964 1417 1151 1482 naturalem
1177 1418 1364 1500 alterandi;

312 1521 369 1586 sed
401 1521 430 1585 si
461 1525 512 1585 est
542 1520 689 1606 operatio
722 1523 802 1584 tunc
832 1520 997 1584 daemones
1023 1519 1161 1587 faciunt.
1217 1521 1254 1587 Si
1283 1544 1363 1588 vero

312 1625 396 1689 fiant
417 1622 596 1688 secundum
621 1621 743 1708 species
765 1627 799 1686 et
821 1621 1026 1687 conditiones
1048 1623 1162 1704 dictas,
1179 1629 1261 1690 tuuc
1283 1631 1363 1691 sunt

312 1725 535 1814 philosophica
560 1731 594 1790 et
621 1725 780 1811 sapientis
812 1725 1014 1790 incantantis
1036 1727 1202 1813 sapienter
1214 1753 1222 1807 ;
1250 1734 1290 1793 ut
1312 1751 1365 1795 re·

312 1830 395 1895 citat
418 1829 530 1893 David
555 1828 725 1915 propheta
782 1827 849 1893 Sed
872 1829 942 1894 haec
965 1831 1105 1894 materia
1127 1835 1177 1895 est
1199 1830 1363 1899 difficilior

312 1954 387 2020 quae
407 1933 452 1996 sit
472 1933 507 1996 in
527 1931 744 2018 philosophia,
761 1935 795 1996 et
815 1932 926 1996 miuus
943 1932 1123 2018 probabilis
1144 1939 1277 2020 propter
1292 1935 1363 2016 hoc,

313 2036 400 2122 quod
423 2038 563 2123 possunt
586 2035 655 2100 haec
677 2034 819 2120 intelligi
838 2033 963 2119 magice
979 2040 1014 2100 et
1028 2035 1256 2122 philosophice.
1296 2036 1363 2104 Sed

312 2140 348 2203 in
372 2138 481 2226 Opere
505 2136 634 2204 Minore
665 2137 724 2202 ubi
755 2136 797 2200 de
820 2136 1007 2202 celestibus
1044 2140 1196 2219 tractavi,
1227 2141 1364 2227 exposui

312 2242 418 2327 magis
449 2242 521 2316 ista
557 2240 615 2306 ubi
647 2239 795 2304 maxima
830 2245 954 2305 secreta
987 2245 1116 2307 naturae
1147 2243 1254 2328 tetigi,
1290 2265 1364 2329 quae

313 2366 380 2409 non
402 2346 481 2408 sunt
509 2343 646 2408 cuilibet
676 2342 880 2428 exponenda,
917 2343 976 2407 sed
1005 2344 1083 2408 solis
1112 2346 1365 2432 sapientissimis

314 2448 402 2511 viris
460 2445 507 2510 Et
544 2445 580 2509 in
624 2444 730 2532 Opere
772 2444 897 2530 Majore
923 2446 960 2509 iu
986 2446 1048 2511 hoc
1079 2447 1149 2513 loco
1183 2449 1281 2535 tetigi
1304 2449 1365 2514 ali-

314 2571 396 2635 qua;
417 2554 452 2614 et
472 2547 626 2613 similiter
648 2546 729 2612 alibi
745 2548 842 2635 tetigi
864 2570 982 2635 parum
1003 2549 1045 2614 de
1059 2549 1283 2632 fascinatione,
1305 2551 1364 2617 sed

313 2651 515 2738 incompleta
570 2650 659 2716 Nam
689 2651 845 2737 proposui
867 2651 1033 2718 addidisse
1055 2653 1162 2719 multa
1184 2655 1363 2720 secundum

313 2763 461 2821 tenorem
492 2753 583 2819 illius
614 2753 894 2836 considerationis,
927 2777 1026 2840 quam
1057 2755 1140 2822 facio
1174 2757 1235 2834 hic,
1264 2763 1299 2822 et
1328 2759 1364 2822 in

314 2857 465 2924 Secundo
488 2857 618 2944 Opere;
655 2857 713 2922 sed
736 2856 861 2922 tradidi
888 2857 1059 2922 oblivioni.
1123 2859 1169 2924 Et
1200 2881 1274 2925 cum
1306 2881 1364 2927 cx·

313 2982 434 3048 ponam
456 2960 677 3026 intentionem
699 2959 941 3025 mathematicae
963 2964 1101 3046 tangam
1124 2961 1165 3026 de
1189 2962 1249 3027 his.

359 3063 522 3130 Praeterea
543 3063 748 3128 considerare
780 3067 912 3149 oportet
944 3061 1138 3150 diligenter¹
1172 3065 1362 3132 Tractatum
1375 3085 1534 3138 marmiae

313 3166 353 3232 a
380 3165 557 3252 speciebus
583 3171 618 3230 a
633 3165 824 3230 vetusius
848 3165 1031 3253 lancium
1061 3188 1158 3254 quem
1188 3168 1363 3255 dupliciter
1375 3152 1517 3288 mg}-

315 3268 391 3334 misi
417 3267 533 3348 vobis;
561 3272 596 3333 ct
623 3267 722 3334 tertio
745 3267 843 3333 modo
866 3269 983 3356 incepi,
1005 3269 1063 3335 sed
1085 3291 1152 3336 non
1175 3272 1268 3358 potui
1291 3294 1366 3340 con-
1381 3287 1528 3358 Speciem

313 3392 486 3437 summare.
548 3370 614 3437 Hae
640 3371 775 3456 quidem
801 3373 928 3459 species
945 3372 1073 3438 faciunt
1096 3395 1227 3441 omnem
1250 3377 1366 3442 mundi

313 3474 545 3540 alterationem
581 3483 616 3539 et
653 3494 826 3560 corporum
872 3480 1060 3541 nostrorum
1098 3482 1134 3542 et
1171 3479 1365 3544 animarum.

313 3577 380 3643 Sed
413 3577 492 3663 quia
523 3577 593 3643 hseo
626 3575 861 3663 multiplicatio
892 3579 1072 3665 specierum
1106 3600 1174 3645 non
1205 3587 1256 3646 cst
1286 3585 1367 3647 nota

313 3680 413 3767 vulgo
442 3678 657 3758 studentium,
693 3700 753 3746 nec
783 3671 895 3745 alicui'
908 3680 973 3745 nisi
1002 3681 1109 3747 tribus
1140 3682 1194 3746 vel
1226 3689 1368 3769 quatuor

314 3782 451 3861 latinis,
473 3788 511 3850 et
540 3783 601 3848 hoc
627 3783 664 3847 in
692 3783 914 3870 perspectivis,
947 3783 1072 3848 scilicet
1102 3784 1138 3848 in
1168 3786 1366 3872 multiplica-

313 3885 404 3952 tione
433 3885 613 3974 specierum
643 3885 725 3952 lucis
755 3891 790 3951 et
819 3885 936 3951 coloris
958 3907 1062 3972 usque
1085 3887 1128 3951 ad
1150 3888 1267 3965 visum,
1292 3889 1366 3955 ideo

315 3988 484 4055 mirabiles
504 3989 650 4055 actiones
664 3993 803 4069 naturae,
820 4010 894 4074 quae
910 3993 985 4054 tota
1007 3989 1061 4055 die
1084 3989 1189 4056 fiunt⁹
1212 3991 1247 4055 in
1262 3992 1366 4071 nobis,

317 4096 353 4156 et
375 4092 413 4156 in
436 4091 535 4156 rebus
556 4113 666 4157 coram
688 4091 791 4158 oculis
822 4093 944 4157 nostris
967 4114 1034 4157 non
1059 4093 1276 4180 percipimus3
1310 4097 1368 4162 sed

317 4194 519 4262 aestimamus
549 4215 605 4260 eas
631 4194 703 4260 fieri
735 4191 810 4259 vel⁸
844 4216 902 4282 per
939 4195 1110 4283 specialem
1144 4199 1367 4285 operationem

896 4442 1188 4452 uffi-
1195 4434 1355 4455 -·

350 4603 462 4668 ¹oportet
502 4601 640 4670 ditiorum]
686 4603 817 4668 diligenter
899 4605 1021 4656 ²totadie
1031 4607 1113 4674 fiant]
1132 4609 1195 4662 flunt
1211 4615 1263 4660 tota
1278 4608 1371 4672 dial&

316 4689 420 4746 oportet,
437 4682 469 4735 Τ.
502 4684 567 4735 This
589 4683 667 4735 'I'ract
685 4683 706 4735 is
716 4685 815 4745 printed

315 4760 342 4811 in
359 4761 402 4813 the
414 4761 485 4827 Opus
500 4761 592 4828 Malas,
609 4767 702 4829 pets.
901 4767 911 4796 ³
928 4764 978 4834 vel]
998 4781 1046 4818 om.
1059 4767 1089 4818 Τ.

1165 4862 1189 4908 o
1213 4849 1233 4910 2
