3586 5640
308 772 400 869 vnn]
648 788 881 843 conrnunruu
900 788 1027 844 sruan.
1296 773 1362 848 477

308 965 437 1032 Latinis
474 966 511 1032 in
542 964 723 1051 Evangelio
760 963 863 1030 habet
899 963 1044 1030 mediam
1082 965 1284 1052 productam,
1320 966 1363 1032 de

307 1068 399 1155 cujus
443 1073 580 1135 accentu
625 1066 823 1132 credendum
860 1070 912 1132 est
949 1066 1099 1132 Juvenco
1144 1074 1179 1134 et
1217 1067 1360 1147 Sedulio,

306 1171 496 1239 auctoribus
519 1169 617 1236 certis
638 1174 673 1236 et
696 1167 813 1256 dignis
858 1167 1027 1238 Juvencus
1048 1169 1131 1236 dicit
1153 1169 1211 1257 [iv.
1236 1171 1349 1257 625.]:

448 1336 609 1402 “Pilatus
631 1336 735 1402 donat
757 1335 846 1424 plebi
867 1336 997 1424 legique
1020 1335 1224 1403 Barabban'’

308 1499 519 1586 Anaplypto
543 1500 579 1564 in
611 1498 698 1565 libro
725 1496 871 1585 Regum¹
904 1497 1006 1565 habet
1036 1498 1254 1586 penultimam
1288 1521 1364 1587 pro·

310 1604 455 1682 ductam,
483 1602 562 1687 quia
591 1601 799 1689 componitur
827 1601 871 1666 ab
900 1623 980 1679 autu,
1007 1600 1095 1686 quod
1126 1605 1176 1666 est
1199 1623 1306 1689 supra,
1329 1609 1364 1668 et

307 1703 437 1792 ptypte,
464 1703 554 1790 quod
583 1708 633 1770 est
663 1704 829 1790 sculptura
859 1703 914 1768 vel
949 1703 1113 1784 caelatura,
1137 1704 1230 1790 quasi
1268 1726 1363 1791 supe-

308 1809 377 1873 rius
415 1807 541 1894 sculpta
577 1805 632 1872 vel
669 1805 846 1893 sculpturas
890 1806 1176 1893 supereminentes.
1240 1804 1364 1892 Glyptc

307 1932 386 1976 vero
415 1910 517 1975 habet
546 1909 689 1996 primam
719 1907 923 1995 productam,
947 1912 982 1974 et
1013 1907 1071 1972 illa
1097 1907 1226 1995 syllaba
1247 1908 1362 1995 longa·

308 2013 400 2078 bitur
433 2013 470 2077 in
501 2013 562 2077 hoc
594 2009 728 2076 nomine
761 2008 967 2096 aaoylppla.
1014 2009 1100 2076 (lum
1130 2010 1235 2098 igitur
1268 2010 1363 2077 Brito

309 2115 446 2201 corripit
475 2135 556 2193 eam,
592 2119 689 2193 errat,
725 2116 760 2177 et
796 2112 970 2178 confirmat
1006 2111 1132 2178 dictum
1171 2134 1267 2178 suum
1305 2136 1364 2202 per

308 2238 448 2282 errorem
482 2214 653 2302 duplicem.
699 2214 778 2281 Uno
809 2214 907 2280 modo
929 2214 1058 2280 inducit
1081 2214 1272 2281 Doctrinalo
1302 2238 1362 2303 pro

310 2324 449 2383 auctore.
495 2317 638 2405 Magnus
659 2339 748 2383 error
770 2321 828 2396 est,
852 2317 930 2403 quia
959 2337 1129 2402 nunquam
1152 2316 1217 2382 suit
1243 2318 1363 2404 dignus

310 2420 515 2500 auctoritate,
531 2420 609 2486 licet
630 2421 740 2507 pueris
763 2420 808 2485 sit
829 2419 923 2484 utilis
946 2419 983 2483 in
1004 2418 1178 2505 aliquibus,
1194 2419 1279 2485 siout
1294 2421 1362 2485 ait:

400 2564 578 2631 “Scribere
601 2562 759 2630 clericulis
781 2584 861 2652 paro
883 2563 1064 2630 doctrinale
1086 2563 1252 2632 novellia”

309 2707 374 2774 Sed
396 2713 509 2774 tamen
531 2709 567 2773 in
588 2708 649 2774 hoc
671 2707 776 2796 magis
803 2712 890 2775 errat
916 2710 1004 2795 quod
1026 2709 1143 2775 assent
1173 2709 1364 2776 Doctrinale

307 2811 392 2877 velle
408 2811 496 2899 quod
518 2811 721 2898 corripiatur,
740 2831 815 2876 oum
829 2815 942 2876 tamen
964 2811 1026 2876 hoc
1040 2812 1085 2876 sit
1106 2811 1232 2876 falsum.
1272 2812 1361 2876 Nam

307 2913 389 2979 dicit
411 2934 434 2998 y
456 2935 553 3000 super
567 2913 595 2998 f
611 2912 719 2998 longa,
735 2913 799 2977 nisi
822 2912 1038 2998 compositiva
1059 2911 1158 2998 cisoa
1175 2912 1254 2996 quia
1275 2935 1361 2977 com·

308 3015 453 3101 positiva
486 3020 528 3079 ut
561 3013 704 3099 trifidus
740 3012 1001 3101 [corripiuntur]
1048 3012 1094 3079 Et
1128 3014 1201 3078 ideo
1229 3013 1359 3100 plyptc,

307 3137 380 3180 cum
412 3116 457 3181 sit
486 3115 634 3201 simplex,
657 3114 847 3199 longabitur
876 3114 913 3178 in
942 3115 1049 3201 prima
1081 3115 1217 3202 syllaba
1264 3116 1361 3181 Etsi

307 3216 503 3282 naturaliter
533 3222 583 3281 est
613 3216 721 3302 longa,
744 3216 780 3281 in
802 3216 1035 3303 compositione
1066 3239 1134 3284 non
1165 3218 1359 3285 imitabitur.

309 3318 386 3382 Non
413 3338 543 3403 possum
566 3338 625 3404 per
646 3317 778 3403 singula
807 3317 994 3397 discurrere,
1018 3320 1096 3405 quia
1117 3320 1251 3388 infinita
1273 3326 1359 3399 sunt,

308 3420 346 3483 in
376 3418 495 3503 quibus
526 3419 638 3485 Latini
662 3417 778 3485 Graeca
806 3421 891 3486 male
922 3425 1120 3489 accentuant
1149 3429 1184 3490 et
1208 3424 1359 3492 Hebraea

308 3521 477 3589 Secundus
509 3543 601 3586 casus
634 3526 685 3587 eet
719 3522 760 3587 de
791 3523 1049 3608 aequivocatione
1078 3526 1239 3604 dictionis,
1274 3527 1479 3606 scutrum

307 3622 535 3710 Augustinus
556 3623 685 3690 inducit
722 3626 908 3713 exemplum
938 3628 1078 3693 secundo
1110 3627 1161 3694 De
1200 3629 1359 3695 Doctrina
1371 3607 1505 3726 ffiffi*

308 3727 504 3803 Christiana,
529 3726 572 3791 ad
594 3727 799 3813 probandum
822 3729 910 3814 quod
931 3730 1148 3796 necessarium
1171 3737 1222 3797 est
1238 3731 1358 3798 Latino
1371 3742 1462 3791 words.

306 3829 436 3916 linguas
450 3828 538 3894 scire
577 3827 669 3894 Dicit
683 3849 779 3916 ergo:
798 3837 815 3866 “
827 3828 905 3895 Non
919 3836 970 3896 est
984 3831 1182 3898 occultatum
1198 3853 1234 3899 os
1248 3854 1358 3900 meum

307 3940 326 3974 ⁴‘
349 3953 370 3995 a
386 3937 419 3996 te
434 3930 523 4017 quod
538 3929 644 3995 fecisti
666 3930 703 3995 in
717 3929 874 3998 occulto.”
920 3931 997 3998 Non
1019 3938 1130 4020 potest
1151 3934 1227 4000 sciri
1249 3958 1293 4000 an
1315 3936 1361 4002 sit

307 4055 351 4111 oo,
370 4032 450 4111 mis,
467 4034 521 4099 vel
536 4054 580 4112 oa,
597 4030 690 4110 oraio,
716 4033 780 4098 nisi
804 4054 862 4119 per
884 4032 1014 4120 linguas
1035 4036 1165 4122 priores
1212 4036 1301 4102 Nam
1323 4038 1360 4103 in

308 4135 422 4202 Graeco
448 4140 483 4200 et
509 4133 653 4201 Hebraeo
680 4139 731 4200 est
756 4155 816 4221 pro
845 4155 913 4200 oaac
942 4156 1011 4201 non
1036 4158 1096 4225 pro
1122 4159 1186 4206 ore.
1230 4138 1361 4206 Tertius

305 4259 397 4304 casus
412 4244 463 4304 ast
476 4258 576 4324 penes
590 4236 815 4303 diversitatem
829 4242 964 4303 actuum
978 4239 1014 4304 in
1029 4239 1180 4326 partibus
1194 4244 1359 4310 orationis

307 4340 412 4427 Super
433 4361 499 4426 quo
513 4340 721 4428 Augustinus
742 4339 884 4406 secundo
907 4340 958 4407 De
985 4340 1146 4410 Doctrina
1161 4343 1358 4426 Christiana,

316 4540 324 4544 ..
336 4539 411 4545 -.—
417 4539 554 4548 -.....,,.,
560 4543 612 4549 ,-
618 4543 648 4550 ,,,

340 4648 462 4718 ¹Re9un]
482 4655 503 4702 1.
514 4652 549 4703 vi.
560 4657 601 4704 ³2.
814 4654 821 4725 Ι
867 4655 1053 4726 'AmatimJ
1073 4656 1155 4724 Scep.
1167 4665 1224 4710 nol.
