3294 5744
408 790 473 855 228
782 802 908 852 uocunr
930 801 1077 851 unocurs
1367 788 1459 874 [car.

408 977 635 1065 adoptationes
678 975 892 1061 geometricas
936 976 1092 1043 brevibus
1132 981 1244 1062 tango,
1277 984 1311 1044 et
1356 979 1458 1044 innuo

407 1080 554 1165 majores.

241 1193 376 1260 Ultimos
452 1180 499 1244 Et
521 1184 595 1267 post
626 1178 720 1246 haec¹
753 1179 899 1245 docendo
921 1183 1120 1265 potestatem
1151 1201 1362 1246 numerorum
1400 1203 1460 1266 pro

239 1260 383 1377 {mm
407 1282 622 1348 arithmetica
678 1281 766 1360 Quia
803 1281 1009 1366 Augustinus
1041 1280 1123 1346 dicit
1160 1283 1248 1367 quod
1285 1284 1328 1348 ad
1362 1284 1457 1347 Divi·

240 1407 378 1457 mmepur-
407 1405 525 1449 narum
548 1383 796 1469 Scripturarum
819 1383 1039 1469 cognitionem
1065 1403 1161 1448 nemo
1184 1384 1284 1449 debet
1306 1385 1458 1450 accedere

240 1473 306 1524 ⁹⁰⁸⁰
407 1486 477 1553 eine
492 1485 644 1572 potentia
658 1484 894 1550 numerorum.⁹
939 1485 984 1550 Et
1006 1485 1113 1600 primo
1136 1486 1273 1550 ostendo
1296 1487 1459 1572 quomodo

407 1593 550 1674 quatuor
565 1586 671 1651 modis
686 1591 766 1651 sunt
781 1587 909 1652 numeri
930 1586 1121 1651 necessarii.
1146 1607 1285 1671 quorum
1301 1610 1387 1655 unus
1408 1593 1460 1653 est

407 1695 543 1777 propter
563 1688 743 1753 falsitatem
766 1687 891 1753 Textus
912 1686 1005 1752 Sacri
1021 1689 1246 1774 corrigendam
1256 1689 1284 1770 ᾖ
1307 1696 1342 1756 et
1356 1690 1459 1777 pono⁴

407 1791 557 1877 exempla
579 1790 619 1855 dc
641 1790 709 1856 hcc
756 1789 802 1854 Et
817 1793 930 1876 postea
952 1793 1054 1875 teugo
1077 1790 1241 1874 quomodo
1263 1791 1459 1857 medietates

407 1899 483 1974 tres,
507 1915 588 1979 quas
619 1891 804 1957 considerat
835 1891 1070 1970 arithmeticus,
1094 1893 1302 1978 reperiuntur
1324 1894 1359 1957 in
1398 1894 1457 1958 Di·

407 1997 495 2062 vinis
529 1995 718 2081 Scripturis,
750 1994 790 2059 dc
813 1991 956 2079 quibus⁵
977 1992 1123 2079 theologi
1146 1998 1181 2058 et
1203 1993 1350 2060 doctores
1372 1997 1458 2060 oncri

407 2103 626 2189 negotiantur.
684 2099 811 2165 Deinde
834 2099 912 2186 quic
934 2104 1048 2165 textus
1070 2104 1105 2166 et
1126 2095 1344 2185 quuestionesl
1365 2100 1457 2165 theo-

406 2204 504 2289 logire
542 2203 683 2269 multum
717 2205 861 2267 utuntur
897 2201 1094 2280 coelestibus,
1127 2208 1162 2267 et
1198 2202 1381 2287 loquuntur
1417 2204 1458 2268 de

407 2306 583 2370 altitudine
617 2304 780 2379 coelorum,
808 2309 844 2368 et
876 2304 916 2367 dc
951 2324 1063 2367 eorum
1101 2307 1135 2368 et
1173 2303 1342 2369 stellarum
1380 2305 1460 2390 spis-

407 2407 552 2471 situdine
587 2410 622 2469 et
652 2404 889 2491 magnitudine,
930 2409 964 2469 et
1001 2425 1068 2468 non
1102 2410 1238 2491 possunt
1277 2407 1347 2472 hoec
1384 2407 1458 2470 sciri

406 2509 470 2573 nisi
504 2530 563 2595 per
594 2529 747 2593 magnam
781 2528 991 2572 numerorum
1024 2512 1232 2592 potestatem,
1260 2507 1334 2574 ideo
1364 2509 1458 2595 posui

406 2611 530 2676 radices
553 2610 638 2675 circa
660 2611 738 2686 luco,
762 2615 797 2674 ct
819 2609 957 2674 extraho
979 2609 1076 2674 flores
1098 2614 1134 2675 et
1155 2609 1288 2676 finctus
1363 2666 1366 2671 .

452 2712 497 2777 Et
519 2709 612 2777 hrec⁷
639 2717 689 2776 est
726 2711 896 2775 distinctio
935 2733 1062 2797 magna,
1097 2715 1132 2775 et
1170 2711 1273 2796 dignu
1303 2712 1400 2777 valde
1422 2718 1457 2778 et

406 2813 550 2900 pulchra,
575 2834 675 2897 quam
707 2813 815 2876 omnis
845 2813 944 2878 homo
977 2813 1111 2877 deberet
1145 2812 1264 2878 habere
1298 2835 1365 2899 pree
1388 2837 1457 2878 ma-

406 2915 510 2980 nibus
571 2914 659 2979 Nam
681 2914 846 2979 mirabilia
869 2915 932 2979 Dei
967 2919 1002 2979 ct
1032 2919 1162 2980 naturae
1196 2937 1305 2979 rerum
1343 2918 1458 2981 mnndi

406 3018 661 3083 manifestantur
683 3039 741 3103 per
764 3017 832 3082 hoc.
879 3016 925 3081 Et
947 3016 996 3080 ibi
1019 3021 1069 3081 est
1099 3016 1262 3081 certitudo
1285 3015 1456 3082 sufficiens.

406 3119 473 3186 Sed
509 3119 604 3185 labor
640 3140 779 3206 magnus
816 3118 881 3186 fuit
918 3119 954 3182 in
991 3117 1211 3196 certificando,
1243 3124 1278 3184 et
1304 3141 1458 3206 expensae

406 3225 528 3291 multoe.

838 3462 917 3528 Οιι.
943 3461 1032 3526 LIX.

340 3657 347 3670 ·
450 3641 539 3708 Pos‘r
561 3643 621 3709 hoc
644 3644 741 3730 tetigi
771 3643 953 3708 utilitatem
980 3642 1111 3708 musicoe
1135 3643 1169 3706 in
1196 3643 1392 3730 Scriptura3
1422 3650 1457 3709 et

405 3745 510 3810 sancti
540 3766 606 3810 non
636 3749 773 3831 possunt
802 3745 916 3809 satiari
947 3746 987 3809 de
1017 3746 1113 3809 laude
1148 3745 1279 3810 musicae
1308 3751 1456 3832 respectu

405 3846 579 3933 theologice
624 3854 659 3912 et
703 3847 882 3934 Scriptum
920 3845 1029 3912 Scene
1069 3846 1301 3932 intelligendae.
1366 3847 1454 3912 Nam

404 3950 582 4014 secundum
604 3949 693 4034 quod
719 3949 854 4035 exposui
886 3947 922 4012 in
954 3948 1060 4034 Opere
1091 3947 1218 4033 lle-jori,
1249 3947 1455 4034 Augustinus

403 4049 488 4117 libro
518 4047 826 4131 Retractationum,⁸
856 4053 891 4114 et
922 4049 977 4114 Ad
1008 4047 1216 4129 Homerum?
1246 4053 1282 4114 ct
1314 4051 1455 4115 secundo

438 4325 444 4355 ¹
456 4323 521 4390 loc]
540 4339 588 4375 om.
601 4325 633 4376 Τ.
985 4325 996 4353 ‘
1007 4331 1118 4374 terlucet
1134 4325 1287 4390 quaereres]
1305 4325 1454 4390 questiones

435 4403 616 4470 'amm
630 4405 671 4456 De
681 4404 773 4457 Libero
781 4404 904 4468 Arbitrio,
952 4412 977 4456 et
993 4412 1084 4463 textus,
1095 4403 1126 4454 Τ.

383 4480 532 4545 ·ii.1r.(?)
985 4481 1069 4548 Ἧι]
1088 4482 1137 4541 hic,
1154 4482 1186 4532 B.
1198 4481 1229 4533 T.

436 4559 631 4629 'corr-imum]
650 4561 800 4629 corrigendi,
811 4564 840 4614 B.
983 4561 1227 4627 'Retroctutionunj
1244 4561 1260 4611 i.
1275 4566 1312 4612 11.

435 4637 530 4704 ⁴p⁰n⁰]
549 4654 648 4703 ponem,
665 4641 697 4692 Τ.
984 4639 1048 4688 'Ad
1074 4639 1216 4705 Ham]
1252 4639 1379 4706 Probably
1410 4641 1453 4692 tbe

436 4714 554 4781 Ἰνὼ]
573 4732 623 4781 qur
647 4717 718 4771 ΤΒ
951 4718 1292 4785 epistleciedblcmorium.
