3586 5640
454 749 520 813 350
833 762 961 812 nouum
985 761 1131 811 sacoma

282 950 422 1015 Ignounce
451 958 545 1002 suam
567 957 625 1022 per
646 935 797 1023 linguas;
820 940 855 1001 et
878 935 924 1001 sic
945 935 1072 1000 faciunt
1093 935 1152 1000 alii
1174 934 1286 1015 sancti,
1302 937 1338 1000 et
1359 934 1506 1000 maxime
1544 1006 1548 1012 ,

283 1016 438 1068 orntum.
451 1038 492 1103 de
519 1039 653 1119 Graeco;
677 1042 712 1103 et
736 1038 898 1124 praecipue
922 1038 1137 1124 Augustinus.
1183 1036 1250 1103 Sed
1272 1058 1332 1102 nos
1359 1037 1505 1123 theologi

451 1141 640 1226 ignoramus
656 1141 755 1226 [esse]
773 1141 845 1225 ipsa
859 1138 1043 1226 alphabeta,
1055 1144 1256 1226 quapropter
1270 1143 1400 1226 oportet
1415 1139 1506 1225 quod

451 1244 637 1329 ignoremus
661 1243 726 1308 Dei
749 1236 882 1307 textum
907 1247 942 1307 et
966 1242 1188 1328 expositiones
1212 1247 1406 1307 sanctorum.
1457 1241 1505 1307 Et

452 1346 488 1410 in
509 1346 610 1411 tertia
631 1351 725 1432 parte
745 1345 843 1410 istius
866 1344 972 1430 operis
994 1344 1089 1429 posui
1111 1344 1207 1430 plura
1227 1344 1377 1430 exempla
1399 1343 1505 1409 mani·
1598 1336 1601 1343 ’

452 1448 529 1512 festi
552 1449 680 1528 erroris,
695 1452 729 1513 et
751 1448 855 1533 gratis
878 1446 972 1532 posui
990 1446 1038 1510 ibi
1058 1446 1235 1532 alphabeta
1256 1447 1453 1532 linguarum,
1469 1449 1505 1511 et

454 1572 493 1615 ee
516 1572 589 1636 quse
611 1550 793 1616 necessaria
814 1549 957 1615 suntad
979 1548 1195 1634 intelligenda
1217 1549 1275 1612 illa
1297 1547 1456 1634 exempla,
1471 1551 1505 1613 et

454 1653 560 1717 multe
593 1652 666 1717 alia
713 1650 872 1738 Prologus
905 1671 983 1715 vero
1017 1649 1094 1714 libri
1118 1650 1255 1736 Regum,
1279 1651 1336 1736 qui
1366 1653 1506 1716 vocatur

451 1753 614 1840 galeatae,
640 1754 785 1819 ostendit
814 1753 909 1818 uobis
940 1752 1028 1838 quod
1058 1751 1215 1817 debemus
1244 1753 1326 1817 seire
1350 1752 1504 1839 alphabe-

454 1861 528 1922 tum
551 1856 739 1922 Hebraeum.
785 1855 874 1920 Nam
896 1853 945 1918 ibi
968 1853 1119 1941 tangitur
1144 1874 1301 1919 numerus
1327 1853 1504 1920 clemento-

453 1942 528 2025 rilm
550 1958 720 2045 alphabeti
743 1957 887 2035 Hebraei,
911 1961 946 2022 et
967 1977 1123 2021 numerus
1148 1956 1329 2043 figurarum
1352 1955 1504 2042 ejusdem.

455 2060 501 2126 Et
530 2061 651 2126 dicitur
673 2060 762 2146 quod
790 2063 869 2125 sunt
899 2058 1021 2124 diversi
1049 2059 1177 2123 numeri
1189 2082 1198 2138 ;
1224 2062 1259 2124 et
1285 2059 1373 2144 quod
1396 2059 1507 2144 aliqua

454 2163 617 2229 elementa
649 2163 775 2228 habent
809 2162 953 2247 duplices
989 2160 1134 2247 figuras3
1172 2165 1207 2225 'et
1240 2161 1327 2246 quod
1357 2161 1506 2227 scribunt

454 2265 552 2332 aliter
576 2265 711 2331 Hebraei
740 2263 902 2351 principie
933 2263 1116 2328 dictionum
1145 2267 1181 2328 et
1210 2263 1308 2329 ahter
1336 2264 1419 2330 fines
1448 2285 1507 2351 per

454 2368 600 2433 diversas
637 2367 760 2452 figuras
798 2366 944 2450 ejusdem
982 2363 1144 2431 elementi
1199 2364 1246 2429 Et
1282 2365 1389 2431 multa
1424 2366 1508 2431 talia

454 2471 566 2554 tangit
592 2468 644 2532 hio
668 2469 845 2553 prologus;
875 2468 987 2532 nullus
1017 2473 1129 2533 eutem
1158 2473 1269 2554 potest
1293 2468 1353 2534 hoc
1383 2468 1505 2534 intelli·

454 2591 538 2657 gere,
554 2570 619 2634 nisi
641 2570 725 2634 sciat
746 2568 956 2655 alphabetum
980 2569 1159 2636 Hebraeum
1182 2575 1217 2634 et
1239 2569 1506 2657 orthographiam

455 2694 593 2738 eorum.
622 2671 668 2736 Et
689 2670 764 2736 ideo
787 2671 898 2736 nullus
920 2670 1085 2757 intelliget
1106 2672 1234 2758 galeam
1255 2672 1353 2757 hujus
1378 2672 1507 2760 prologi

454 2774 630 2861 magnifici,
662 2774 727 2838 nisi
761 2775 947 2860 gustaverit
985 2775 1255 2860 orthographiam
1287 2775 1506 2841 Hebraeorum

455 2883 489 2943 et
511 2877 734 2964 alphabetum.

500 2980 661 3045 Similiter
691 3001 765 3044 oum
792 2977 953 3043 Jeremias
991 2978 1203 3064 prophetavit
1240 2985 1355 3045 contre
1391 2979 1506 3059 Babel,

455 3102 523 3146 non
553 3104 651 3147 ausus
680 3081 745 3145 fuit
774 3100 894 3167 ponere
924 3082 985 3145 hoc
1010 3081 1157 3160 verbum,
1186 3102 1228 3144 ne
1258 3082 1431 3146 suscitaret
1456 3082 1506 3147 fu-

454 3207 560 3249 rorem
584 3184 788 3250 Caldaeorum
819 3188 933 3247 contra
962 3185 1070 3268 ipsum
1096 3189 1131 3247 et
1155 3183 1311 3268 populum
1336 3183 1419 3263 Dei;
1449 3184 1506 3249 sed

456 3288 568 3372 posuit
594 3285 715 3352 Seaucb
741 3307 799 3370 pro
831 3285 940 3349 Babel.
996 3285 1098 3369 Cujus
1125 3286 1269 3349 nominis
1299 3285 1384 3350 ratio
1414 3285 1506 3351 nullo

456 3387 552 3451 modo
568 3392 677 3471 potest
692 3387 775 3465 sciri,
791 3387 856 3450 nisi
871 3387 968 3451 homo
988 3387 1071 3451 sciat
1086 3386 1299 3472 alphabetum
1316 3387 1504 3453 Hebraeum.

456 3488 502 3553 Et
524 3510 625 3573 quum
649 3488 731 3551 bene
754 3488 919 3552 studuerit
942 3489 1031 3567 scire,
1048 3510 1115 3552 non
1138 3494 1247 3574 potest
1270 3490 1427 3554 nescienti
1449 3511 1506 3554 ex-

455 3590 575 3675 plicare
605 3591 670 3654 nisi
700 3591 806 3676 primo
841 3590 959 3655 docent
992 3612 1066 3654 cum
1097 3591 1331 3676 alphabetum3
1363 3613 1423 3657 neo
1453 3582 1507 3657 h'ic

454 3694 575 3778 possim
606 3693 667 3758 hoo
697 3714 857 3778 exponere
881 3692 945 3756 nisi
973 3693 1052 3777 quia
1077 3693 1171 3777 posui
1197 3693 1408 3778 alphabetum
1436 3694 1505 3759 He-

455 3796 580 3861 braeum
596 3796 631 3859 in
647 3818 741 3882 opere
758 3795 845 3879 quod
865 3795 972 3858 mitto,
1020 3795 1051 3857 N
1054 3817 1106 3858 am
1129 3818 1203 3860 eum
1220 3796 1324 3861 Babel
1344 3798 1506 3862 scribatur

455 3920 513 3984 per
535 3899 600 3962 duo
616 3897 694 3974 bert,
711 3904 745 3962 et
760 3919 864 3962 unum
885 3895 1012 3961 maaet
1028 3903 1231 3982 punctuatur
1246 3921 1335 3964 more
1353 3899 1504 3980 Hebrae0,

455 4002 565 4085 posuit
590 4001 750 4086 propheta
780 4000 845 4063 duo
869 3999 928 4064 aia
952 4020 1011 4084 pro
1036 4000 1164 4065 duobus
1189 3999 1267 4081 bert,
1291 4008 1326 4065 et
1349 4001 1434 4086 euple
1458 4023 1507 4066 se·

454 4104 597 4167 cundum
632 4127 691 4188 pro
726 4101 861 4181 lamech,
894 4110 933 4164 ut
967 4101 1115 4166 Chaldaei
1154 4124 1274 4167 nomen
1308 4104 1504 4190 ignorarent

456 4204 540 4268 Cum
570 4212 681 4269 tumen
713 4205 819 4269 omnis
849 4203 977 4282 habere,
1009 4204 1130 4283 videre,
1157 4213 1191 4268 et
1222 4206 1368 4269 dividere
1398 4211 1506 4292 posset

454 4307 597 4369 nominis
634 4307 805 4385 rationem,
837 4306 915 4390 quia
951 4326 1040 4370 more
1079 4326 1190 4370 eorum
1229 4314 1279 4371 est
1312 4307 1506 4372 instruendo

454 4429 579 4493 parvos,
609 4410 696 4494 quod
727 4410 853 4472 faciunt
884 4431 937 4473 eos
968 4409 1163 4494 conjungere
1186 4411 1327 4495 primam
1352 4432 1425 4474 cum
1456 4410 1505 4473 ul-

454 4510 545 4588 tima,
578 4518 612 4574 et
650 4512 824 4574 secundam
859 4534 933 4575 cum
971 4512 1180 4598 penultima3
1219 4519 1253 4575 et
1283 4512 1329 4576 sic
1366 4513 1505 4576 ulterius

454 4613 622 4699 usquead
650 4614 730 4677 duas
755 4614 880 4678 medius
904 4614 1001 4679 simul
1028 4616 1159 4700 positas,
1187 4616 1310 4680 scilicet
1341 4615 1428 4700 capla
1457 4638 1505 4681 se·
