3586 5640
304 778 403 867 m]
721 797 809 845 orus
831 796 990 847 murrum
1295 783 1363 854 107

305 969 369 1034 sd¹
398 969 525 1055 judicis
555 967 726 1058 facienda?
757 971 799 1037 de
825 972 978 1058 omnibus
1008 970 1228 1048 interioribus,
1255 976 1290 1036 et
1319 972 1364 1036 od

304 1094 404 1158 opero
433 1072 519 1137 miro
541 1078 576 1139 et
600 1073 698 1138 utilis.
720 1074 757 1138 in
787 1073 850 1140 hoc
876 1074 1012 1154 mundo,
1039 1097 1113 1160 quse
1139 1072 1212 1139 fieri
1236 1073 1363 1140 hebent

304 1176 341 1241 in
365 1175 463 1242 certis
486 1176 700 1242 electionibus
726 1177 1022 1254 constellationum,
1047 1177 1237 1243 inertibus
1264 1176 1363 1261 hujus

304 1279 395 1355 vites,
425 1283 562 1366 propter
591 1299 747 1366 prospero
776 1279 893 1344 mundi
923 1280 1147 1366 promovendo
1168 1280 1205 1344 in
1234 1278 1360 1355 melius,

304 1385 339 1446 et
365 1386 405 1446 ut
429 1381 536 1446 omnis
560 1380 744 1446 adversitas
767 1381 976 1468 reprimatur.
1022 1382 1068 1446 Et
1092 1382 1139 1448 sio
1156 1386 1252 1468 putet
1273 1370 1369 1466 quod'

305 1484 451 1549 ooelestis
494 1489 735 1571 cognoscuntur
771 1506 829 1570 per
873 1485 1084 1571 astrologiam
1121 1483 1294 1569 duplicem,
1326 1487 1361 1548 st

306 1586 521 1652 nihilominus
562 1587 652 1674 quod
690 1585 916 1674 proeparatur⁸
961 1608 1019 1674 per
1048 1585 1179 1652 eosdem
1216 1584 1361 1672 cognitio

306 1690 349 1754 ad
381 1691 452 1757 haeo
488 1692 654 1758 inferiore.
726 1690 816 1757 Nam
846 1713 914 1757 non
948 1695 1189 1779 cognoscuntur
1225 1691 1360 1755 effectus
1372 1716 1497 1769 Faenum

306 1794 371 1858 nisi
401 1816 459 1880 per
489 1817 564 1860 suus
592 1815 726 1874 oausam
757 1795 814 1860 sed
844 1794 992 1860 ooelestio
1021 1799 1101 1859 sunt
1129 1815 1235 1859 cousae
1255 1785 1411 1881 gene·for
1422 1785 1465 1835 ‘¹¹0

305 1897 444 1962 rationis
473 1903 509 1964 et
537 1897 757 1985 corruptionis
781 1897 929 1962 omnium
956 1919 1065 1962 rerum
1092 1896 1292 1972 inferiorum,
1320 1901 1360 1961 ut
1371 1851 1520 1970 llgllffi

305 2000 516 2067 menifestum
561 2007 614 2067 est
658 2000 804 2066 cuilibet.
867 2000 913 2065 Et
943 2021 1001 2086 per
1031 1998 1268 2086 experientiam
1297 1982 1525 2103 hommem

305 2104 464 2184 videmus,
495 2105 673 2171 secundum
704 2103 792 2191 quod
822 2102 1008 2190 philosophi
1038 2102 1262 2168 determinent
1291 2100 1357 2166 evi-
1370 2067 1508 2200 diffudere

306 2207 430 2272 denter.
476 2207 611 2272 Etcum
634 2207 690 2283 ita,
707 2207 760 2287 sit,
777 2211 858 2272 tuno
882 2202 1052 2270 omnium⁴
1079 2205 1268 2270 inferiorum
1283 2224 1357 2291 cog·
1370 2189 1439 2306 ‘2:¹¹1

307 2309 392 2373 nitio
418 2309 582 2395 dependet
604 2332 625 2375 a
652 2309 894 2376 mathematicus
926 2311 1101 2396 potestate.
1147 2308 1221 2374 Hoc
1245 2313 1357 2373 sutem
1370 2270 1485 2387 deperiri·

306 2411 492 2498 specialiter
508 2415 617 2500 potest
632 2413 761 2479 ostendi
784 2434 841 2499 per
863 2412 1023 2477 virtutem
1046 2410 1261 2498 geometricus,
1282 2432 1357 2476 cum

307 2519 418 2579 temen
441 2513 511 2582 haec
533 2521 584 2581 est
605 2515 705 2580 vilior
726 2517 816 2580 inter
839 2537 952 2581 omnes
974 2520 1083 2602 portes
1106 2513 1356 2581 mathematioae.

307 2617 407 2705 Ergo,
437 2617 465 2683 si
490 2618 550 2684 hoc
587 2623 696 2706 potest
725 2618 941 2684 demonstrari
972 2618 1042 2684 sine
1079 2613 1358 2683 contradictione⁶

306 2720 455 2809 possibili
484 2721 521 2785 in
551 2718 632 2802 ille,⁰
661 2721 768 2787 multo
791 2721 898 2809 magis
926 2721 1123 2788 credendum
1161 2727 1213 2786 est
1248 2742 1357 2786 rerum

305 2824 526 2910 cognitionem
557 2824 741 2911 dependere
770 2847 792 2890 a
822 2825 950 2890 coeteris
987 2824 1139 2911 partibus
1177 2823 1357 2889 methema?

305 2928 380 2994 tiese
403 2927 579 3008 nobilibus,
602 2932 637 2993 et
659 2928 761 2993 etiam
783 2950 850 3015 qua
871 2927 999 2992 ratione
1021 2927 1063 2992 eb
1086 2947 1133 3002 eo,
1156 2930 1192 2990 et
1213 2926 1256 2989 sb
1278 2925 1358 2989 eliis

307 3028 405 3116 Ergo,
420 3030 449 3094 si
473 3030 516 3094 ob
541 3029 601 3094 ille
623 3028 796 3117 dependet,
823 3029 977 3095 similiter
1002 3027 1046 3093 ab
1076 3027 1151 3092 eliis
1176 3026 1279 3092 habet
1303 3026 1358 3091 de·

306 3132 453 3219 pendere.
512 3131 662 3199 Sufficiet
691 3130 816 3220 igitur⁷
846 3154 934 3198 nuno
964 3130 1167 3220 propositum
1198 3129 1357 3195 declarari

306 3239 343 3303 in
357 3239 569 3326 geometricis.

724 3553 805 3621 Cer.
828 3553 954 3621 XXXI.

1374 3671 1495 3724 meen-

354 3745 464 3810 Olncs
488 3766 567 3810 veru
590 3746 843 3832 geometricalis,
869 3749 1017 3831 respectu
1050 3764 1160 3808 rerum
1193 3747 1228 3808 et
1258 3743 1358 3809 scien·
1372 3739 1501 3857 {mnus

308 3846 430 3911 tiorum
461 3846 676 3929 sciendarum,
716 3847 919 3913 consideravi
949 3845 1038 3932 quod
1068 3867 1119 3909 res
1146 3844 1260 3926 omnis,
1287 3868 1359 3931 quae
1373 3872 1442 3924 these

307 3949 348 4013 fit
369 3950 406 4014 in
428 3949 636 4028 hosmundo,
652 3950 723 4015 exit
745 3950 781 4014 in
802 3971 870 4015 esse
893 3970 951 4035 per
973 3947 1113 4013 efficiens
1135 3952 1170 4012 et
1192 3949 1360 4065 materiale
1372 3940 1505 4072 {mad

307 4051 529 4141 principium,⁸
550 4075 593 4120 ex
616 4075 681 4140 quo
703 4052 896 4140 producitur
919 4073 977 4139 per
999 4050 1160 4118 virtutem
1182 4049 1358 4130 efficientis,
1370 4073 1515 4191 thyrense-

329 4162 337 4171 ,
1381 4152 1419 4208 ry.

341 4384 408 4455 rad]
427 4395 459 4450 οἱ,
476 4384 508 4439 ¹1⁸,
791 4411 792 4415 =
888 4385 961 4436 ‘eine
987 4383 1187 4455 cmhudictr'one]
1201 4374 1260 4440 'sine
1287 4386 1355 4439 omni

340 4491 490 4559 afficienda]
509 4506 560 4543 m
579 4489 609 4544 T·
856 4464 1057 4573 eoptradictione,
1075 4465 1106 4518 Τ.

1093 4545 1123 4599 .

341 4702 476 4770 ‘omnim
488 4703 587 4768 horum,
605 4703 636 4754 Τ.
832 4716 836 4761 ι
889 4703 1068 4772 ‘prereptum
1087 4705 1158 4771 Opus
1175 4703 1268 4770 liujus,
1279 4719 1302 4770 p.
1315 4709 1354 4755 t&

340 4594 350 4629 ⁹
357 4597 528 4664 proeparntur]
547 4603 707 4664 properetur,
725 4594 755 4649 Τ.
