3586 5640
311 798 406 888 nra]
700 815 787 867 orus
809 817 970 867 mariun
1297 805 1361 873 269

310 1012 371 1056 nec
407 996 571 1072 consueta,
610 1013 670 1057 nec
707 993 865 1080 exemplis
910 992 1082 1058 declarata.
1136 993 1182 1058 Et
1218 995 1363 1061 maxime

311 1092 432 1159 accidit
453 1093 508 1159 hic
530 1115 623 1159 casus
646 1095 736 1182 apud
758 1093 907 1160 homines
936 1100 1085 1181 respectu
1114 1095 1362 1163 mathematicae.

311 1195 357 1259 Et
379 1195 441 1260 hoc
463 1196 652 1282 procuravit
675 1195 846 1276 Diabolus,
870 1196 949 1281 quia
970 1197 1063 1261 nulla
1084 1197 1214 1261 utilitas
1236 1198 1362 1284 sapien·

309 1295 375 1376 tiae,
398 1297 581 1385 theologiae,
613 1303 647 1363 et
677 1297 900 1385 philosophiae,
928 1319 988 1363 nec
1019 1296 1116 1364 istius
1138 1297 1275 1378 mundi,¹
1307 1322 1365 1387 per

309 1398 381 1462 vias
403 1399 599 1486 sapientales
620 1399 787 1486 procurari
811 1403 920 1485 potest
944 1399 1016 1465 sine
1049 1400 1208 1467 beneficio
1238 1402 1366 1468 mathe-

310 1501 449 1578 maticae,
482 1508 521 1567 ut
552 1506 647 1588 patet
680 1523 722 1566 ex
757 1501 862 1578 dictis,
886 1502 944 1567 sed
975 1502 1106 1588 planius
1137 1524 1180 1568 ex
1210 1503 1364 1569 dicendis.

311 1603 356 1667 Et
378 1603 451 1669 ideo
474 1603 602 1670 decrevi
625 1603 662 1668 in
684 1603 747 1668 hac
768 1609 863 1690 parte
886 1604 929 1668 ad
951 1604 1156 1670 evidentiam
1182 1606 1366 1692 praeceden-

309 1707 395 1770 tium
417 1710 452 1771 et
472 1707 751 1792 subsequentium,
774 1711 814 1770 ut
837 1705 944 1771 omnis
965 1706 1103 1770 infamia
1124 1707 1366 1775 mathematicae

310 1808 465 1887 tollatur3
499 1813 534 1873 et
560 1809 648 1894 quod
683 1807 919 1894 respondeatur
950 1806 1124 1874 efficaciter
1155 1809 1367 1896 blasphemiis

309 1909 508 1990 insanorum,
566 1910 624 1996 qui
677 1914 793 1975 contra
837 1913 1025 1974 sanctourm
1072 1910 1280 1992 documenta,
1332 1919 1367 1979 et

310 2013 457 2076 omnium
488 2011 686 2098 sapientum,
718 2011 894 2076 veritatem
936 2011 1094 2077 nituntur
1138 2018 1293 2094 evertere,
1332 2020 1368 2080 et

308 2115 510 2180 infinitatem
532 2116 721 2181 utilitatum
745 2115 917 2180 excludere
942 2116 1132 2181 moliuntur.
1163 2117 1209 2183 Et
1224 2118 1366 2184 intravit

309 2239 364 2282 cor
390 2239 503 2282 eorum
539 2217 609 2283 haec
646 2217 806 2282 damnata
848 2218 1054 2302 perversitas,
1095 2218 1175 2304 quia
1213 2219 1366 2285 nesciunt

309 2323 417 2404 partes
447 2318 667 2405 philosophias,
692 2318 812 2405 quibus
841 2319 894 2383 uti
927 2318 1057 2397 debent,
1083 2325 1117 2386 et
1147 2325 1256 2406 partes
1284 2321 1366 2386 artis

308 2421 452 2506 magicae,
491 2443 571 2507 quas
601 2421 707 2486 vitare
754 2425 918 2485 tenentur.
981 2420 1059 2486 Non
1104 2422 1192 2488 enim
1237 2422 1366 2488 vitatur

309 2523 432 2587 malum
446 2522 512 2587 nisi
534 2523 710 2609 cognitum,
734 2545 794 2588 nec
816 2523 984 2608 reprobari
1007 2528 1117 2609 potest
1132 2523 1197 2588 nisi
1219 2523 1364 2605 sciatur3

308 2626 365 2690 sed
388 2625 510 2690 veritas
532 2648 605 2690 cum
633 2647 672 2690 ea
705 2624 815 2690 cadit⁹
848 2647 891 2690 ex
922 2625 1111 2712 ignorantia
1147 2626 1362 2714 reprobantis.

308 2728 472 2809 Quoniam
495 2727 598 2814 igitur
620 2727 771 2793 nesciunt
794 2727 882 2813 quod
905 2727 1137 2794 mathematica
1159 2735 1209 2794 est
1231 2729 1362 2816 duplex,

306 2852 374 2895 una
405 2852 479 2917 quae
513 2834 564 2895 est
595 2829 732 2916 magica,
755 2834 790 2894 et
824 2829 928 2894 altera
959 2851 1033 2914 quae
1066 2834 1117 2894 est
1148 2830 1364 2916 philosophia

307 2954 382 3018 pars
404 2931 617 3011 nobilissima,
640 2931 715 2995 ideo
739 2928 959 3015 decipiuntur,
981 2951 1082 2993 unam
1105 2951 1164 3015 pro
1186 2930 1252 2994 alia
1281 2931 1363 2996 acci·

307 3035 443 3120 pientes,
467 3039 502 3100 et
524 3038 701 3118 utramque
727 3053 787 3117 pro
821 3052 889 3094 una
919 3036 1157 3117 computantes,
1189 3053 1263 3096 cum
1293 3032 1362 3097 sint

306 3137 441 3201 omnino
463 3136 610 3202 diversas.
672 3133 738 3199 Sed
764 3133 800 3197 in
831 3131 964 3198 nomine
996 3128 1199 3200 conveniunt
1231 3155 1362 3220 quoquo

306 3239 411 3303 modo.
457 3237 502 3303 Et
524 3238 603 3323 quia
623 3236 714 3300 fraus
736 3235 872 3321 magicae
894 3234 1064 3320 praesumit
1085 3257 1179 3299 suam
1201 3236 1363 3301 insaniam

306 3340 478 3420 occultare,
493 3339 659 3405 miscendo
682 3337 958 3404 considerationes
981 3359 1056 3403 suas
1076 3359 1150 3403 cum
1165 3337 1360 3418 coelestibus,

305 3441 426 3528 quibus
470 3441 565 3506 abuti
610 3441 716 3527 magis
753 3441 897 3506 creditur
934 3462 1033 3526 quarn
1076 3440 1242 3522 abutatur,
1281 3443 1361 3530 quia

304 3543 404 3631 fingit
425 3564 460 3609 se
482 3543 574 3629 sequi
596 3543 750 3620 coelestia,
774 3544 831 3608 sed
854 3544 1022 3608 mentitur.

350 3645 527 3711 Declaravi
548 3644 653 3732 igitur
676 3645 764 3730 quod
786 3665 854 3709 una
876 3645 1111 3711 mathematica
1142 3646 1314 3712 derivatur
1339 3662 1509 3715 a‘robedis·

304 3744 436 3829 pultem?
463 3746 573 3812 media
604 3745 749 3832 aspirata
771 3751 806 3810 et
828 3751 999 3832 correpta3
1031 3752 1066 3810 et
1100 3747 1169 3812 haec
1200 3751 1251 3812 est
1284 3730 1514 3860 persgffll‘d

304 3848 528 3936 philosophiae,
552 3870 627 3934 quae
651 3847 688 3911 in
714 3847 805 3912 nullo
828 3853 939 3934 potest
960 3848 1162 3934 reprehendi,
1190 3854 1230 3913 ut
1255 3849 1358 3935 probo
1371 3860 1443 3912 dicio
1455 3814 1493 3914 i.-

304 3973 362 4037 per
384 3956 513 4017 sanctos
539 3956 574 4014 et
599 3949 817 4036 philosophos.
863 3949 943 4013 Alia
969 3949 1141 4015 derivatur
1163 3972 1184 4014 a
1206 3929 1478 4033 partra‚⁴¹‘⁰¹⁰⁸5·

304 4054 413 4119 media
445 4053 614 4140 producta,
648 4051 718 4116 sine
754 4050 962 4137 aspiratione,
995 4050 1049 4115 vel
1071 4073 1092 4115 a
1114 4049 1227 4133 μάντις,
1254 4052 1309 4118 vel
1338 4075 1359 4118 a

303 4154 440 4238 μαντεία,
469 4154 648 4221 secundum
674 4153 925 4238 Hieronymum.
972 4152 1018 4218 Et
1044 4153 1114 4219 haec
1144 4159 1194 4219 est
1217 4155 1359 4221 secunda

304 4257 425 4344 species
447 4258 529 4323 artis
551 4256 695 4344 magicae,
718 4276 793 4341 quae
815 4260 895 4320 sunt
914 4254 976 4335 ha,
999 4253 1134 4336 μαντικῆ,
1158 4255 1356 4339 palpasset,

338 4610 453 4676 'monulfi
472 4611 540 4661 modi
551 4611 597 4675 (l).
888 4610 899 4640 ³
909 4609 1009 4678 uddone]
1031 4609 1146 4672 mathesi,
1159 4611 1190 4664 Τ.

336 4689 438 4756 ²cudil]
457 4690 537 4753 cadet,
548 4689 578 4740 Β.
591 4688 622 4738 Τ.
888 4688 1025 4756 ‘uraca
1039 4690 1135 4753 maleel,
1147 4689 1189 4752 lt,
1200 4697 1225 4742 ct
1237 4690 1309 4741 iustu.
