<?xml version="1.0" encoding="UTF-8"?>
<!DOCTYPE html PUBLIC "-//W3C//DTD XHTML 1.0 Transitional//EN"
    "http://www.w3.org/TR/xhtml1/DTD/xhtml1-transitional.dtd">
<html xmlns="http://www.w3.org/1999/xhtml" xml:lang="en" lang="en">
 <head>
  <title>
</title>
<meta http-equiv="Content-Type" content="text/html;charset=utf-8" />
  <meta name='ocr-system' content='tesseract 3.04.00' />
  <meta name='ocr-capabilities' content='ocr_page ocr_carea ocr_par ocr_line ocrx_word'/>
</head>
<body>
  <div class='ocr_page' id='page_1' title='image "./operaqudamhacte00bacogoog/operaqudamhacte00bacogoog_0533.png"; bbox 0 0 3586 5640; ppageno 0'>
   <div class='ocr_carea' id='block_1_1' title="bbox 312 791 1363 880">
    <p class='ocr_par' dir='ltr' id='par_1_1' title="bbox 312 791 1363 880">
     <span class='ocr_line' id='line_1_1' title="bbox 312 791 1363 880; baseline 0.011 -24"><span class='ocrx_word' id='word_1_1' title='bbox 312 791 401 880; x_wconf 69' lang='grc' dir='ltr'>ιιι]</span> <span class='ocrx_word' id='word_1_2' title='bbox 646 810 878 861; x_wconf 81' lang='lat' dir='ltr'>conrnnmun</span> <span class='ocrx_word' id='word_1_3' title='bbox 900 811 1026 863; x_wconf 81' lang='lat' dir='ltr'>srunn.</span> <span class='ocrx_word' id='word_1_4' title='bbox 1296 797 1363 871; x_wconf 74' lang='lat'>417</span> 
     </span>
    </p>
   </div>
   <div class='ocr_carea' id='block_1_2' title="bbox 308 985 1362 1382">
    <p class='ocr_par' dir='ltr' id='par_1_2' title="bbox 308 985 1362 1382">
     <span class='ocr_line' id='line_1_2' title="bbox 309 985 1360 1077; baseline 0.005 -27"><span class='ocrx_word' id='word_1_5' title='bbox 309 989 401 1050; x_wconf 86' lang='lat' dir='ltr'>entes</span> <span class='ocrx_word' id='word_1_6' title='bbox 423 985 591 1052; x_wconf 79' lang='lat' dir='ltr'>revolvere</span> <span class='ocrx_word' id='word_1_7' title='bbox 614 1009 687 1052; x_wconf 92' lang='lat' dir='ltr'>cum</span> <span class='ocrx_word' id='word_1_8' title='bbox 710 988 875 1053; x_wconf 87' lang='lat' dir='ltr'>succincta</span> <span class='ocrx_word' id='word_1_9' title='bbox 897 988 1116 1055; x_wconf 77' lang='lat' dir='ltr'>declaratione</span> <span class='ocrx_word' id='word_1_10' title='bbox 1146 989 1360 1077; x_wconf 90' lang='lat' dir='ltr'>singulorum,</span> 
     </span>
     <span class='ocr_line' id='line_1_3' title="bbox 308 1089 1362 1177; baseline 0.004 -24"><span class='ocrx_word' id='word_1_11' title='bbox 308 1110 407 1175; x_wconf 91' lang='lat' dir='ltr'>quam</span> <span class='ocrx_word' id='word_1_12' title='bbox 444 1111 548 1153; x_wconf 88' lang='lat' dir='ltr'>unum</span> <span class='ocrx_word' id='word_1_13' title='bbox 585 1090 640 1154; x_wconf 85' lang='lat' dir='ltr'>vel</span> <span class='ocrx_word' id='word_1_14' title='bbox 673 1089 776 1154; x_wconf 90' lang='lat' dir='ltr'>alium</span> <span class='ocrx_word' id='word_1_15' title='bbox 814 1090 918 1156; x_wconf 88' lang='lat' dir='ltr'>multo</span> <span class='ocrx_word' id='word_1_16' title='bbox 956 1113 1103 1156; x_wconf 82' lang='lat' dir='ltr'>sermone</span> <span class='ocrx_word' id='word_1_17' title='bbox 1140 1093 1292 1177; x_wconf 81' lang='lat' dir='ltr'>prosequi</span> <span class='ocrx_word' id='word_1_18' title='bbox 1323 1102 1362 1157; x_wconf 93' lang='lat' dir='ltr'>ut</span> 
     </span>
     <span class='ocr_line' id='line_1_4' title="bbox 308 1191 1361 1281; baseline 0.003 -26"><span class='ocrx_word' id='word_1_19' title='bbox 308 1191 365 1255; x_wconf 89' lang='lat' dir='ltr'>alii</span> <span class='ocrx_word' id='word_1_20' title='bbox 387 1192 622 1277; x_wconf 76' lang='lat' dir='ltr'>relinquantur.</span> <span class='ocrx_word' id='word_1_21' title='bbox 683 1191 758 1266; x_wconf 80' lang='lat' dir='ltr'>His¹</span> <span class='ocrx_word' id='word_1_22' title='bbox 778 1213 857 1257; x_wconf 86' lang='lat' dir='ltr'>vero</span> <span class='ocrx_word' id='word_1_23' title='bbox 887 1193 992 1258; x_wconf 85' lang='lat' dir='ltr'>causis</span> <span class='ocrx_word' id='word_1_24' title='bbox 1014 1193 1132 1258; x_wconf 86' lang='lat' dir='ltr'>erroris</span> <span class='ocrx_word' id='word_1_25' title='bbox 1161 1198 1196 1259; x_wconf 92' lang='lat' dir='ltr'>et</span> <span class='ocrx_word' id='word_1_26' title='bbox 1224 1195 1361 1281; x_wconf 87' lang='lat' dir='ltr'>impedi-</span> 
     </span>
     <span class='ocr_line' id='line_1_5' title="bbox 308 1293 1361 1382; baseline 0.003 -24"><span class='ocrx_word' id='word_1_27' title='bbox 308 1295 429 1359; x_wconf 88' lang='lat' dir='ltr'>mentis</span> <span class='ocrx_word' id='word_1_28' title='bbox 451 1293 623 1381; x_wconf 71' lang='lat' dir='ltr'>sapientire</span> <span class='ocrx_word' id='word_1_29' title='bbox 645 1315 733 1360; x_wconf 89' lang='lat' dir='ltr'>nune</span> <span class='ocrx_word' id='word_1_30' title='bbox 755 1294 854 1360; x_wconf 85' lang='lat' dir='ltr'>tactis</span> <span class='ocrx_word' id='word_1_31' title='bbox 883 1300 918 1360; x_wconf 88' lang='lat' dir='ltr'>et</span> <span class='ocrx_word' id='word_1_32' title='bbox 947 1295 1120 1382; x_wconf 80' lang='lat' dir='ltr'>prioribus,</span> <span class='ocrx_word' id='word_1_33' title='bbox 1143 1318 1164 1360; x_wconf 93' lang='lat' dir='ltr'>a</span> <span class='ocrx_word' id='word_1_34' title='bbox 1181 1296 1361 1382; x_wconf 89' lang='lat' dir='ltr'>juventute</span> 
     </span>
    </p>
   </div>
   <div class='ocr_carea' id='block_1_3' title="bbox 304 1395 1362 4452">
    <p class='ocr_par' dir='ltr' id='par_1_3' title="bbox 304 1395 1362 4452">
     <span class='ocr_line' id='line_1_6' title="bbox 309 1395 1361 1485; baseline 0.004 -25"><span class='ocrx_word' id='word_1_35' title='bbox 309 1396 493 1461; x_wconf 89' lang='lat' dir='ltr'>confirmati</span> <span class='ocrx_word' id='word_1_36' title='bbox 530 1395 677 1462; x_wconf 87' lang='lat' dir='ltr'>homines</span> <span class='ocrx_word' id='word_1_37' title='bbox 703 1418 772 1462; x_wconf 93' lang='lat' dir='ltr'>non</span> <span class='ocrx_word' id='word_1_38' title='bbox 808 1401 948 1483; x_wconf 82' lang='lat' dir='ltr'>possunt</span> <span class='ocrx_word' id='word_1_39' title='bbox 976 1397 1090 1463; x_wconf 86' lang='lat' dir='ltr'>videre</span> <span class='ocrx_word' id='word_1_40' title='bbox 1121 1399 1288 1485; x_wconf 82' lang='lat' dir='ltr'>magnalia</span> <span class='ocrx_word' id='word_1_41' title='bbox 1311 1421 1361 1464; x_wconf 79' lang='lat' dir='ltr'>aa·</span> 
     </span>
     <span class='ocr_line' id='line_1_7' title="bbox 308 1497 1361 1587; baseline 0.005 -26"><span class='ocrx_word' id='word_1_42' title='bbox 308 1497 442 1584; x_wconf 83' lang='lat' dir='ltr'>pientiae</span> <span class='ocrx_word' id='word_1_43' title='bbox 457 1519 517 1563; x_wconf 89' lang='lat' dir='ltr'>nee</span> <span class='ocrx_word' id='word_1_44' title='bbox 532 1503 658 1575; x_wconf 89' lang='lat' dir='ltr'>curant,</span> <span class='ocrx_word' id='word_1_45' title='bbox 675 1498 733 1564; x_wconf 88' lang='lat' dir='ltr'>sed</span> <span class='ocrx_word' id='word_1_46' title='bbox 756 1503 972 1565; x_wconf 89' lang='lat' dir='ltr'>contemnunt</span> <span class='ocrx_word' id='word_1_47' title='bbox 987 1504 1021 1565; x_wconf 92' lang='lat' dir='ltr'>et</span> <span class='ocrx_word' id='word_1_48' title='bbox 1036 1500 1221 1587; x_wconf 86' lang='lat' dir='ltr'>reprobant.</span> <span class='ocrx_word' id='word_1_49' title='bbox 1261 1500 1361 1567; x_wconf 83' lang='lat' dir='ltr'>Unde</span> 
     </span>
     <span class='ocr_line' id='line_1_8' title="bbox 308 1601 1362 1689; baseline 0.002 -24"><span class='ocrx_word' id='word_1_50' title='bbox 308 1623 351 1665; x_wconf 87' lang='lat' dir='ltr'>ex</span> <span class='ocrx_word' id='word_1_51' title='bbox 388 1601 540 1666; x_wconf 88' lang='lat' dir='ltr'>omnibus</span> <span class='ocrx_word' id='word_1_52' title='bbox 571 1601 738 1688; x_wconf 75' lang='lat' dir='ltr'>praedictis</span> <span class='ocrx_word' id='word_1_53' title='bbox 767 1607 944 1689; x_wconf 85' lang='lat' dir='ltr'>generatur</span> <span class='ocrx_word' id='word_1_54' title='bbox 972 1602 1144 1688; x_wconf 88' lang='lat' dir='ltr'>potissima</span> <span class='ocrx_word' id='word_1_55' title='bbox 1165 1607 1200 1667; x_wconf 87' lang='lat' dir='ltr'>ct</span> <span class='ocrx_word' id='word_1_56' title='bbox 1222 1604 1362 1689; x_wconf 85' lang='lat' dir='ltr'>eomple-</span> 
     </span>
     <span class='ocr_line' id='line_1_9' title="bbox 308 1703 1362 1792; baseline 0.001 -23"><span class='ocrx_word' id='word_1_57' title='bbox 308 1703 436 1769; x_wconf 80' lang='lat' dir='ltr'>tiasima</span> <span class='ocrx_word' id='word_1_58' title='bbox 458 1725 555 1770; x_wconf 89' lang='lat' dir='ltr'>causa</span> <span class='ocrx_word' id='word_1_59' title='bbox 577 1705 694 1769; x_wconf 89' lang='lat' dir='ltr'>erroris</span> <span class='ocrx_word' id='word_1_60' title='bbox 717 1705 753 1769; x_wconf 92' lang='lat' dir='ltr'>in</span> <span class='ocrx_word' id='word_1_61' title='bbox 776 1705 928 1770; x_wconf 91' lang='lat' dir='ltr'>omnibus</span> <span class='ocrx_word' id='word_1_62' title='bbox 950 1704 1015 1769; x_wconf 88' lang='lat' dir='ltr'>uisi</span> <span class='ocrx_word' id='word_1_63' title='bbox 1038 1704 1073 1769; x_wconf 90' lang='lat' dir='ltr'>in</span> <span class='ocrx_word' id='word_1_64' title='bbox 1097 1706 1211 1792; x_wconf 83' lang='lat' dir='ltr'>paucis</span> <span class='ocrx_word' id='word_1_65' title='bbox 1233 1706 1362 1792; x_wconf 90' lang='lat' dir='ltr'>sapien-</span> 
     </span>
     <span class='ocr_line' id='line_1_10' title="bbox 309 1809 1362 1899; baseline 0.003 -26"><span class='ocrx_word' id='word_1_66' title='bbox 309 1810 453 1876; x_wconf 78' lang='lat' dir='ltr'>tissimis.</span> <span class='ocrx_word' id='word_1_67' title='bbox 513 1809 602 1875; x_wconf 89' lang='lat' dir='ltr'>Nam</span> <span class='ocrx_word' id='word_1_68' title='bbox 632 1810 711 1896; x_wconf 86' lang='lat' dir='ltr'>quia</span> <span class='ocrx_word' id='word_1_69' title='bbox 743 1810 932 1898; x_wconf 85' lang='lat' dir='ltr'>ignorantia</span> <span class='ocrx_word' id='word_1_70' title='bbox 961 1811 1069 1898; x_wconf 86' lang='lat' dir='ltr'>turpis</span> <span class='ocrx_word' id='word_1_71' title='bbox 1098 1816 1157 1891; x_wconf 88' lang='lat' dir='ltr'>est,</span> <span class='ocrx_word' id='word_1_72' title='bbox 1182 1818 1217 1878; x_wconf 89' lang='lat' dir='ltr'>et</span> <span class='ocrx_word' id='word_1_73' title='bbox 1249 1833 1362 1899; x_wconf 84' lang='lat' dir='ltr'>sapere</span> 
     </span>
     <span class='ocr_line' id='line_1_11' title="bbox 308 1912 1360 2000; baseline 0.002 -23"><span class='ocrx_word' id='word_1_74' title='bbox 308 1913 489 1999; x_wconf 87' lang='lat' dir='ltr'>pulchrum,</span> <span class='ocrx_word' id='word_1_75' title='bbox 517 1912 665 1980; x_wconf 86' lang='lat' dir='ltr'>homines</span> <span class='ocrx_word' id='word_1_76' title='bbox 695 1913 873 1999; x_wconf 89' lang='lat' dir='ltr'>reprobant</span> <span class='ocrx_word' id='word_1_77' title='bbox 903 1913 1015 1978; x_wconf 90' lang='lat' dir='ltr'>omnia</span> <span class='ocrx_word' id='word_1_78' title='bbox 1037 1935 1111 2000; x_wconf 86' lang='lat' dir='ltr'>quaa</span> <span class='ocrx_word' id='word_1_79' title='bbox 1133 1913 1291 2000; x_wconf 88' lang='lat' dir='ltr'>ignorant</span> <span class='ocrx_word' id='word_1_80' title='bbox 1323 1915 1360 1979; x_wconf 92' lang='lat' dir='ltr'>in</span> 
     </span>
     <span class='ocr_line' id='line_1_12' title="bbox 307 2015 1361 2103; baseline 0.002 -24"><span class='ocrx_word' id='word_1_81' title='bbox 307 2016 461 2082; x_wconf 85' lang='lat' dir='ltr'>solatium</span> <span class='ocrx_word' id='word_1_82' title='bbox 491 2037 559 2082; x_wconf 86' lang='lat' dir='ltr'>suae</span> <span class='ocrx_word' id='word_1_83' title='bbox 582 2015 764 2102; x_wconf 69' lang='lat' dir='ltr'>imperitiae,</span> <span class='ocrx_word' id='word_1_84' title='bbox 788 2037 830 2081; x_wconf 90' lang='lat' dir='ltr'>ne</span> <span class='ocrx_word' id='word_1_85' title='bbox 852 2015 1030 2081; x_wconf 86' lang='lat' dir='ltr'>videantur</span> <span class='ocrx_word' id='word_1_86' title='bbox 1063 2015 1189 2102; x_wconf 87' lang='lat' dir='ltr'>aliquid</span> <span class='ocrx_word' id='word_1_87' title='bbox 1223 2017 1361 2103; x_wconf 90' lang='lat' dir='ltr'>dignum</span> 
     </span>
     <span class='ocr_line' id='line_1_13' title="bbox 305 2117 1355 2206; baseline 0.003 -26"><span class='ocrx_word' id='word_1_88' title='bbox 305 2118 463 2204; x_wconf 87' lang='lat' dir='ltr'>ignorare,</span> <span class='ocrx_word' id='word_1_89' title='bbox 488 2124 522 2184; x_wconf 92' lang='lat' dir='ltr'>et</span> <span class='ocrx_word' id='word_1_90' title='bbox 552 2117 636 2182; x_wconf 93' lang='lat' dir='ltr'>illud</span> <span class='ocrx_word' id='word_1_91' title='bbox 658 2118 742 2182; x_wconf 90' lang='lat' dir='ltr'>nihil</span> <span class='ocrx_word' id='word_1_92' title='bbox 776 2119 864 2204; x_wconf 94' lang='lat' dir='ltr'>quod</span> <span class='ocrx_word' id='word_1_93' title='bbox 898 2119 1007 2183; x_wconf 88' lang='lat' dir='ltr'>sciunt</span> <span class='ocrx_word' id='word_1_94' title='bbox 1040 2139 1097 2183; x_wconf 90' lang='lat' dir='ltr'>seu</span> <span class='ocrx_word' id='word_1_95' title='bbox 1132 2119 1219 2203; x_wconf 92' lang='lat' dir='ltr'>quod</span> <span class='ocrx_word' id='word_1_96' title='bbox 1250 2120 1355 2206; x_wconf 83' lang='lat' dir='ltr'>magis</span> 
     </span>
     <span class='ocr_line' id='line_1_14' title="bbox 307 2220 1362 2307; baseline 0.001 -22"><span class='ocrx_word' id='word_1_97' title='bbox 307 2221 475 2285; x_wconf 75' lang='lat' dir='ltr'>aestimant</span> <span class='ocrx_word' id='word_1_98' title='bbox 506 2220 586 2285; x_wconf 88' lang='lat' dir='ltr'>scire</span> <span class='ocrx_word' id='word_1_99' title='bbox 619 2220 808 2298; x_wconf 87' lang='lat' dir='ltr'>ostendunt,</span> <span class='ocrx_word' id='word_1_100' title='bbox 832 2220 1060 2307; x_wconf 80' lang='lat' dir='ltr'>magnificant,</span> <span class='ocrx_word' id='word_1_101' title='bbox 1078 2220 1264 2302; x_wconf 87' lang='lat' dir='ltr'>extollunt;</span> <span class='ocrx_word' id='word_1_102' title='bbox 1294 2243 1362 2286; x_wconf 91' lang='lat' dir='ltr'>non</span> 
     </span>
     <span class='ocr_line' id='line_1_15' title="bbox 307 2322 1360 2410; baseline 0.002 -25"><span class='ocrx_word' id='word_1_103' title='bbox 307 2327 458 2386; x_wconf 80' lang='lat' dir='ltr'>curantes</span> <span class='ocrx_word' id='word_1_104' title='bbox 496 2323 577 2409; x_wconf 94' lang='lat' dir='ltr'>quid</span> <span class='ocrx_word' id='word_1_105' title='bbox 614 2323 723 2388; x_wconf 87' lang='lat' dir='ltr'>sciunt</span> <span class='ocrx_word' id='word_1_106' title='bbox 760 2322 814 2388; x_wconf 88' lang='lat' dir='ltr'>vel</span> <span class='ocrx_word' id='word_1_107' title='bbox 852 2323 1016 2410; x_wconf 89' lang='lat' dir='ltr'>ignorant,</span> <span class='ocrx_word' id='word_1_108' title='bbox 1055 2322 1113 2388; x_wconf 85' lang='lat' dir='ltr'>sed</span> <span class='ocrx_word' id='word_1_109' title='bbox 1143 2323 1248 2388; x_wconf 87' lang='lat' dir='ltr'>solum</span> <span class='ocrx_word' id='word_1_110' title='bbox 1271 2325 1360 2409; x_wconf 92' lang='lat' dir='ltr'>quod</span> 
     </span>
     <span class='ocr_line' id='line_1_16' title="bbox 307 2425 1360 2491; baseline 0.003 -4"><span class='ocrx_word' id='word_1_111' title='bbox 307 2425 484 2490; x_wconf 89' lang='lat' dir='ltr'>videantur</span> <span class='ocrx_word' id='word_1_112' title='bbox 510 2445 619 2490; x_wconf 86' lang='lat' dir='ltr'>coram</span> <span class='ocrx_word' id='word_1_113' title='bbox 653 2425 757 2490; x_wconf 89' lang='lat' dir='ltr'>stulta</span> <span class='ocrx_word' id='word_1_114' title='bbox 779 2425 993 2491; x_wconf 87' lang='lat' dir='ltr'>multitudine</span> <span class='ocrx_word' id='word_1_115' title='bbox 1023 2426 1103 2491; x_wconf 88' lang='lat' dir='ltr'>scire</span> <span class='ocrx_word' id='word_1_116' title='bbox 1126 2430 1160 2491; x_wconf 89' lang='lat' dir='ltr'>et</span> <span class='ocrx_word' id='word_1_117' title='bbox 1182 2448 1224 2491; x_wconf 89' lang='lat' dir='ltr'>ne</span> <span class='ocrx_word' id='word_1_118' title='bbox 1248 2447 1360 2491; x_wconf 89' lang='lat' dir='ltr'>eorum</span> 
     </span>
     <span class='ocr_line' id='line_1_17' title="bbox 308 2525 1360 2616; baseline 0.003 -27"><span class='ocrx_word' id='word_1_119' title='bbox 308 2525 494 2613; x_wconf 81' lang='lat' dir='ltr'>ignomntia</span> <span class='ocrx_word' id='word_1_120' title='bbox 516 2526 712 2593; x_wconf 73' lang='lat' dir='ltr'>dinoscatur.</span> <span class='ocrx_word' id='word_1_121' title='bbox 751 2526 816 2594; x_wconf 83' lang='lat' dir='ltr'>Sed</span> <span class='ocrx_word' id='word_1_122' title='bbox 839 2529 917 2612; x_wconf 92' lang='lat' dir='ltr'>quia</span> <span class='ocrx_word' id='word_1_123' title='bbox 935 2527 1041 2613; x_wconf 90' lang='lat' dir='ltr'>judex</span> <span class='ocrx_word' id='word_1_124' title='bbox 1063 2549 1131 2592; x_wconf 91' lang='lat' dir='ltr'>non</span> <span class='ocrx_word' id='word_1_125' title='bbox 1153 2533 1262 2615; x_wconf 89' lang='lat' dir='ltr'>potest</span> <span class='ocrx_word' id='word_1_126' title='bbox 1285 2551 1360 2616; x_wconf 92' lang='lat' dir='ltr'>cog-</span> 
     </span>
     <span class='ocr_line' id='line_1_18' title="bbox 307 2630 1359 2718; baseline 0.003 -25"><span class='ocrx_word' id='word_1_127' title='bbox 307 2651 438 2696; x_wconf 90' lang='lat' dir='ltr'>noscere</span> <span class='ocrx_word' id='word_1_128' title='bbox 461 2631 501 2695; x_wconf 87' lang='lat' dir='ltr'>de</span> <span class='ocrx_word' id='word_1_129' title='bbox 523 2651 620 2696; x_wconf 91' lang='lat' dir='ltr'>eausa</span> <span class='ocrx_word' id='word_1_130' title='bbox 652 2652 751 2716; x_wconf 92' lang='lat' dir='ltr'>quam</span> <span class='ocrx_word' id='word_1_131' title='bbox 783 2631 924 2718; x_wconf 85' lang='lat' dir='ltr'>ignorat,</span> <span class='ocrx_word' id='word_1_132' title='bbox 957 2652 1017 2696; x_wconf 87' lang='lat' dir='ltr'>nec</span> <span class='ocrx_word' id='word_1_133' title='bbox 1041 2630 1229 2717; x_wconf 87' lang='lat' dir='ltr'>ignorantia</span> <span class='ocrx_word' id='word_1_134' title='bbox 1259 2631 1359 2696; x_wconf 88' lang='lat' dir='ltr'>debet</span> 
     </span>
     <span class='ocr_line' id='line_1_19' title="bbox 307 2732 1359 2819; baseline 0.001 -23"><span class='ocrx_word' id='word_1_135' title='bbox 307 2732 429 2799; x_wconf 87' lang='lat' dir='ltr'>habere</span> <span class='ocrx_word' id='word_1_136' title='bbox 460 2733 568 2799; x_wconf 89' lang='lat' dir='ltr'>locum</span> <span class='ocrx_word' id='word_1_137' title='bbox 593 2732 764 2819; x_wconf 88' lang='lat' dir='ltr'>judicandi</span> <span class='ocrx_word' id='word_1_138' title='bbox 776 2756 785 2813; x_wconf 90' lang='lat'>;</span> <span class='ocrx_word' id='word_1_139' title='bbox 819 2733 893 2798; x_wconf 88' lang='lat' dir='ltr'>ideo</span> <span class='ocrx_word' id='word_1_140' title='bbox 925 2732 979 2798; x_wconf 90' lang='lat' dir='ltr'>hic</span> <span class='ocrx_word' id='word_1_141' title='bbox 1008 2754 1099 2798; x_wconf 92' lang='lat' dir='ltr'>error</span> <span class='ocrx_word' id='word_1_142' title='bbox 1130 2754 1277 2800; x_wconf 85' lang='lat' dir='ltr'>summus</span> <span class='ocrx_word' id='word_1_143' title='bbox 1301 2739 1359 2809; x_wconf 87' lang='lat' dir='ltr'>est,</span> 
     </span>
     <span class='ocr_line' id='line_1_20' title="bbox 306 2835 1361 2922; baseline -0.002 -22"><span class='ocrx_word' id='word_1_144' title='bbox 306 2857 372 2921; x_wconf 89' lang='lat' dir='ltr'>quo</span> <span class='ocrx_word' id='word_1_145' title='bbox 395 2835 535 2921; x_wconf 89' lang='lat' dir='ltr'>quilibet</span> <span class='ocrx_word' id='word_1_146' title='bbox 556 2857 599 2900; x_wconf 87' lang='lat' dir='ltr'>cx</span> <span class='ocrx_word' id='word_1_147' title='bbox 629 2835 690 2901; x_wconf 89' lang='lat' dir='ltr'>hoe</span> <span class='ocrx_word' id='word_1_148' title='bbox 720 2841 853 2922; x_wconf 91' lang='lat' dir='ltr'>reputat</span> <span class='ocrx_word' id='word_1_149' title='bbox 883 2856 917 2899; x_wconf 90' lang='lat' dir='ltr'>se</span> <span class='ocrx_word' id='word_1_150' title='bbox 940 2856 1033 2921; x_wconf 85' lang='lat' dir='ltr'>posse</span> <span class='ocrx_word' id='word_1_151' title='bbox 1063 2835 1236 2919; x_wconf 86' lang='lat' dir='ltr'>reprobare</span> <span class='ocrx_word' id='word_1_152' title='bbox 1259 2836 1361 2918; x_wconf 92' lang='lat' dir='ltr'>quod·</span> 
     </span>
     <span class='ocr_line' id='line_1_21' title="bbox 304 2935 1359 3024; baseline -0.005 -21"><span class='ocrx_word' id='word_1_153' title='bbox 304 2959 439 3024; x_wconf 89' lang='lat' dir='ltr'>cunque,</span> <span class='ocrx_word' id='word_1_154' title='bbox 472 2938 551 3023; x_wconf 89' lang='lat' dir='ltr'>qnia</span> <span class='ocrx_word' id='word_1_155' title='bbox 586 2937 668 3002; x_wconf 92' lang='lat' dir='ltr'>illud</span> <span class='ocrx_word' id='word_1_156' title='bbox 705 2938 846 3023; x_wconf 90' lang='lat' dir='ltr'>ignorat.</span> <span class='ocrx_word' id='word_1_157' title='bbox 893 2935 964 3000; x_wconf 86' lang='lat' dir='ltr'>Nec</span> <span class='ocrx_word' id='word_1_158' title='bbox 1001 2935 1264 2999; x_wconf 84' lang='lat' dir='ltr'>verecundantur</span> <span class='ocrx_word' id='word_1_159' title='bbox 1302 2936 1359 2998; x_wconf 92' lang='lat' dir='ltr'>ho-</span> 
     </span>
     <span class='ocr_line' id='line_1_22' title="bbox 304 3035 1358 3124; baseline -0.004 -20"><span class='ocrx_word' id='word_1_160' title='bbox 304 3041 409 3105; x_wconf 89' lang='lat' dir='ltr'>mines</span> <span class='ocrx_word' id='word_1_161' title='bbox 429 3040 580 3105; x_wconf 84' lang='lat' dir='ltr'>diabolici</span> <span class='ocrx_word' id='word_1_162' title='bbox 603 3060 711 3103; x_wconf 89' lang='lat' dir='ltr'>eoram</span> <span class='ocrx_word' id='word_1_163' title='bbox 734 3037 887 3124; x_wconf 86' lang='lat' dir='ltr'>praelatis,</span> <span class='ocrx_word' id='word_1_164' title='bbox 912 3040 947 3100; x_wconf 89' lang='lat' dir='ltr'>et</span> <span class='ocrx_word' id='word_1_165' title='bbox 969 3035 1177 3122; x_wconf 87' lang='lat' dir='ltr'>principibus,</span> <span class='ocrx_word' id='word_1_166' title='bbox 1199 3041 1233 3099; x_wconf 89' lang='lat' dir='ltr'>et</span> <span class='ocrx_word' id='word_1_167' title='bbox 1256 3036 1358 3121; x_wconf 89' lang='lat' dir='ltr'>plebe,</span> 
     </span>
     <span class='ocr_line' id='line_1_23' title="bbox 305 3136 1360 3226; baseline -0.005 -21"><span class='ocrx_word' id='word_1_168' title='bbox 305 3143 460 3206; x_wconf 90' lang='lat' dir='ltr'>damnare</span> <span class='ocrx_word' id='word_1_169' title='bbox 490 3161 585 3205; x_wconf 89' lang='lat' dir='ltr'>omne</span> <span class='ocrx_word' id='word_1_170' title='bbox 606 3162 708 3226; x_wconf 85' lang='lat' dir='ltr'>genus</span> <span class='ocrx_word' id='word_1_171' title='bbox 735 3137 905 3224; x_wconf 86' lang='lat' dir='ltr'>sapientiae</span> <span class='ocrx_word' id='word_1_172' title='bbox 942 3138 989 3202; x_wconf 89' lang='lat' dir='ltr'>eis</span> <span class='ocrx_word' id='word_1_173' title='bbox 1021 3136 1225 3223; x_wconf 90' lang='lat' dir='ltr'>incognitum</span> <span class='ocrx_word' id='word_1_174' title='bbox 1252 3142 1287 3201; x_wconf 90' lang='lat' dir='ltr'>et</span> <span class='ocrx_word' id='word_1_175' title='bbox 1309 3138 1360 3201; x_wconf 87' lang='lat' dir='ltr'>in-</span> 
     </span>
     <span class='ocr_line' id='line_1_24' title="bbox 305 3238 1358 3325; baseline -0.001 -20"><span class='ocrx_word' id='word_1_176' title='bbox 305 3243 437 3320; x_wconf 81' lang='lat' dir='ltr'>visum3</span> <span class='ocrx_word' id='word_1_177' title='bbox 460 3242 579 3325; x_wconf 86' lang='lat' dir='ltr'>quibus</span> <span class='ocrx_word' id='word_1_178' title='bbox 611 3241 725 3305; x_wconf 89' lang='lat' dir='ltr'>obviat</span> <span class='ocrx_word' id='word_1_179' title='bbox 749 3241 873 3306; x_wconf 84' lang='lat' dir='ltr'>Seneca</span> <span class='ocrx_word' id='word_1_180' title='bbox 911 3239 948 3304; x_wconf 88' lang='lat' dir='ltr'>in</span> <span class='ocrx_word' id='word_1_181' title='bbox 984 3238 1069 3303; x_wconf 89' lang='lat' dir='ltr'>libro</span> <span class='ocrx_word' id='word_1_182' title='bbox 1101 3243 1219 3323; x_wconf 87' lang='lat' dir='ltr'>quarto</span> <span class='ocrx_word' id='word_1_183' title='bbox 1243 3239 1358 3305; x_wconf 88' lang='lat' dir='ltr'>Virtu-</span> 
     </span>
     <span class='ocr_line' id='line_1_25' title="bbox 306 3341 1357 3421; baseline 0.002 -15"><span class='ocrx_word' id='word_1_184' title='bbox 306 3348 389 3421; x_wconf 86' lang='lat' dir='ltr'>tum,</span> <span class='ocrx_word' id='word_1_185' title='bbox 413 3343 546 3407; x_wconf 88' lang='lat' dir='ltr'>dicens:</span> <span class='ocrx_word' id='word_1_186' title='bbox 572 3351 590 3378; x_wconf 90' lang='lat'><strong>“</strong></span> <span class='ocrx_word' id='word_1_187' title='bbox 606 3341 685 3406; x_wconf 92' lang='lat' dir='ltr'>Non</span> <span class='ocrx_word' id='word_1_188' title='bbox 715 3341 817 3407; x_wconf 92' lang='lat' dir='ltr'>habet</span> <span class='ocrx_word' id='word_1_189' title='bbox 839 3341 1071 3407; x_wconf 86' lang='lat' dir='ltr'>auctoritatem</span> <span class='ocrx_word' id='word_1_190' title='bbox 1101 3342 1158 3406; x_wconf 89' lang='lat' dir='ltr'>illa</span> <span class='ocrx_word' id='word_1_191' title='bbox 1189 3345 1357 3408; x_wconf 86' lang='lat' dir='ltr'>sententia</span> 
     </span>
     <span class='ocr_line' id='line_1_26' title="bbox 309 3442 1358 3531; baseline 0.002 -22"><span class='ocrx_word' id='word_1_192' title='bbox 309 3454 327 3480; x_wconf 81' lang='lat'>‘⁴</span> <span class='ocrx_word' id='word_1_193' title='bbox 350 3445 408 3509; x_wconf 93' lang='lat' dir='ltr'>ubi</span> <span class='ocrx_word' id='word_1_194' title='bbox 432 3444 488 3529; x_wconf 92' lang='lat' dir='ltr'>qui</span> <span class='ocrx_word' id='word_1_195' title='bbox 511 3443 718 3508; x_wconf 89' lang='lat' dir='ltr'>damnandus</span> <span class='ocrx_word' id='word_1_196' title='bbox 748 3449 799 3509; x_wconf 90' lang='lat' dir='ltr'>cst</span> <span class='ocrx_word' id='word_1_197' title='bbox 828 3442 995 3508; x_wconf 87' lang='lat' dir='ltr'>damnat.&#39;’</span> <span class='ocrx_word' id='word_1_198' title='bbox 1053 3443 1101 3508; x_wconf 91' lang='lat' dir='ltr'>Hi</span> <span class='ocrx_word' id='word_1_199' title='bbox 1123 3444 1228 3531; x_wconf 90' lang='lat' dir='ltr'>igitur</span> <span class='ocrx_word' id='word_1_200' title='bbox 1251 3467 1358 3511; x_wconf 90' lang='lat' dir='ltr'>errore</span> 
     </span>
     <span class='ocr_line' id='line_1_27' title="bbox 305 3545 1358 3634; baseline -0.001 -22"><span class='ocrx_word' id='word_1_201' title='bbox 305 3552 340 3612; x_wconf 88' lang='lat' dir='ltr'>et</span> <span class='ocrx_word' id='word_1_202' title='bbox 369 3546 565 3634; x_wconf 85' lang='lat' dir='ltr'>ignorantiae</span> <span class='ocrx_word' id='word_1_203' title='bbox 596 3545 740 3610; x_wconf 85' lang='lat' dir='ltr'>tenebris</span> <span class='ocrx_word' id='word_1_204' title='bbox 774 3545 867 3611; x_wconf 88' lang='lat' dir='ltr'>velut</span> <span class='ocrx_word' id='word_1_205' title='bbox 902 3545 1043 3631; x_wconf 87' lang='lat' dir='ltr'>quodam</span> <span class='ocrx_word' id='word_1_206' title='bbox 1085 3567 1210 3611; x_wconf 86' lang='lat' dir='ltr'>carcere</span> <span class='ocrx_word' id='word_1_207' title='bbox 1252 3548 1358 3612; x_wconf 87' lang='lat' dir='ltr'>deter-</span> 
     </span>
     <span class='ocr_line' id='line_1_28' title="bbox 306 3647 1359 3732; baseline -0.002 -18"><span class='ocrx_word' id='word_1_208' title='bbox 306 3651 390 3715; x_wconf 90' lang='lat' dir='ltr'>rimo</span> <span class='ocrx_word' id='word_1_209' title='bbox 429 3647 589 3724; x_wconf 87' lang='lat' dir='ltr'>damnati,</span> <span class='ocrx_word' id='word_1_210' title='bbox 628 3668 697 3712; x_wconf 91' lang='lat' dir='ltr'>non</span> <span class='ocrx_word' id='word_1_211' title='bbox 725 3647 850 3713; x_wconf 91' lang='lat' dir='ltr'>habent</span> <span class='ocrx_word' id='word_1_212' title='bbox 894 3647 935 3713; x_wconf 88' lang='lat' dir='ltr'>dc</span> <span class='ocrx_word' id='word_1_213' title='bbox 961 3648 1036 3732; x_wconf 87' lang='lat' dir='ltr'>jure</span> <span class='ocrx_word' id='word_1_214' title='bbox 1080 3648 1169 3712; x_wconf 88' lang='lat' dir='ltr'>unde</span> <span class='ocrx_word' id='word_1_215' title='bbox 1199 3649 1359 3713; x_wconf 89' lang='lat' dir='ltr'>damnent</span> 
     </span>
     <span class='ocr_line' id='line_1_29' title="bbox 307 3749 1359 3839; baseline -0.002 -21"><span class='ocrx_word' id='word_1_216' title='bbox 307 3752 479 3839; x_wconf 75' lang='lat' dir='ltr'>sapientiae</span> <span class='ocrx_word' id='word_1_217' title='bbox 511 3751 628 3828; x_wconf 90' lang='lat' dir='ltr'>lucem,</span> <span class='ocrx_word' id='word_1_218' title='bbox 659 3755 809 3837; x_wconf 89' lang='lat' dir='ltr'>respectu</span> <span class='ocrx_word' id='word_1_219' title='bbox 839 3749 932 3836; x_wconf 89' lang='lat' dir='ltr'>cujus</span> <span class='ocrx_word' id='word_1_220' title='bbox 958 3754 1036 3815; x_wconf 89' lang='lat' dir='ltr'>sunt</span> <span class='ocrx_word' id='word_1_221' title='bbox 1067 3749 1167 3835; x_wconf 86' lang='lat' dir='ltr'>talpae</span> <span class='ocrx_word' id='word_1_222' title='bbox 1202 3771 1293 3815; x_wconf 87' lang='lat' dir='ltr'>caecae</span> <span class='ocrx_word' id='word_1_223' title='bbox 1325 3755 1359 3816; x_wconf 89' lang='lat' dir='ltr'>ct</span> 
     </span>
     <span class='ocr_line' id='line_1_30' title="bbox 306 3851 1357 3941; baseline -0.01 -22"><span class='ocrx_word' id='word_1_224' title='bbox 306 3853 553 3941; x_wconf 86' lang='lat' dir='ltr'>vespertiliones</span> <span class='ocrx_word' id='word_1_225' title='bbox 576 3852 684 3939; x_wconf 74' lang='lat' dir='ltr'>lippae,</span> <span class='ocrx_word' id='word_1_226' title='bbox 708 3874 782 3939; x_wconf 84' lang='lat' dir='ltr'>quse</span> <span class='ocrx_word' id='word_1_227' title='bbox 805 3853 964 3938; x_wconf 88' lang='lat' dir='ltr'>fulgorem</span> <span class='ocrx_word' id='word_1_228' title='bbox 995 3851 1167 3937; x_wconf 75' lang='lat' dir='ltr'>sapientise</span> <span class='ocrx_word' id='word_1_229' title='bbox 1190 3873 1256 3915; x_wconf 89' lang='lat' dir='ltr'>non</span> <span class='ocrx_word' id='word_1_230' title='bbox 1288 3873 1357 3916; x_wconf 81' lang='lat' dir='ltr'>aus.</span> 
     </span>
     <span class='ocr_line' id='line_1_31' title="bbox 305 3953 1358 4038; baseline -0.003 -16"><span class='ocrx_word' id='word_1_231' title='bbox 305 3958 424 4037; x_wconf 88' lang='lat' dir='ltr'>tinent,</span> <span class='ocrx_word' id='word_1_232' title='bbox 464 3961 498 4022; x_wconf 92' lang='lat' dir='ltr'>et</span> <span class='ocrx_word' id='word_1_233' title='bbox 534 3955 698 4020; x_wconf 90' lang='lat' dir='ltr'>immundi</span> <span class='ocrx_word' id='word_1_234' title='bbox 743 3977 817 4020; x_wconf 88' lang='lat' dir='ltr'>sues</span> <span class='ocrx_word' id='word_1_235' title='bbox 859 3976 951 4020; x_wconf 89' lang='lat' dir='ltr'>eoeno</span> <span class='ocrx_word' id='word_1_236' title='bbox 979 3954 1114 4020; x_wconf 91' lang='lat' dir='ltr'>turbido</span> <span class='ocrx_word' id='word_1_237' title='bbox 1159 3953 1358 4038; x_wconf 86' lang='lat' dir='ltr'>ignorantiae</span> 
     </span>
     <span class='ocr_line' id='line_1_32' title="bbox 305 4056 1356 4144; baseline -0.002 -21"><span class='ocrx_word' id='word_1_238' title='bbox 305 4059 440 4125; x_wconf 88' lang='lat' dir='ltr'>obducti</span> <span class='ocrx_word' id='word_1_239' title='bbox 452 4083 460 4138; x_wconf 94' lang='lat'>;</span> <span class='ocrx_word' id='word_1_240' title='bbox 484 4060 571 4144; x_wconf 90' lang='lat' dir='ltr'>qnia,</span> <span class='ocrx_word' id='word_1_241' title='bbox 593 4064 633 4123; x_wconf 92' lang='lat' dir='ltr'>ut</span> <span class='ocrx_word' id='word_1_242' title='bbox 654 4059 702 4122; x_wconf 93' lang='lat' dir='ltr'>ait</span> <span class='ocrx_word' id='word_1_243' title='bbox 724 4056 982 4134; x_wconf 87' lang='lat' dir='ltr'>Archimenides,</span> <span class='ocrx_word' id='word_1_244' title='bbox 1008 4078 1119 4143; x_wconf 78' lang='lat' dir='ltr'>sapere</span> <span class='ocrx_word' id='word_1_245' title='bbox 1142 4077 1209 4120; x_wconf 90' lang='lat' dir='ltr'>non</span> <span class='ocrx_word' id='word_1_246' title='bbox 1224 4057 1356 4133; x_wconf 88' lang='lat' dir='ltr'>audent,</span> 
     </span>
     <span class='ocr_line' id='line_1_33' title="bbox 305 4158 1357 4245; baseline -0.002 -19"><span class='ocrx_word' id='word_1_247' title='bbox 305 4162 362 4226; x_wconf 90' lang='lat' dir='ltr'>sed</span> <span class='ocrx_word' id='word_1_248' title='bbox 389 4159 541 4226; x_wconf 89' lang='lat' dir='ltr'>laborant</span> <span class='ocrx_word' id='word_1_249' title='bbox 571 4167 611 4226; x_wconf 92' lang='lat' dir='ltr'>ut</span> <span class='ocrx_word' id='word_1_250' title='bbox 640 4160 799 4240; x_wconf 79' lang='lat' dir='ltr'>nesciant,</span> <span class='ocrx_word' id='word_1_251' title='bbox 831 4166 865 4225; x_wconf 90' lang='lat' dir='ltr'>et</span> <span class='ocrx_word' id='word_1_252' title='bbox 895 4181 916 4223; x_wconf 93' lang='lat' dir='ltr'>a</span> <span class='ocrx_word' id='word_1_253' title='bbox 947 4158 1067 4245; x_wconf 88' lang='lat' dir='ltr'>palude</span> <span class='ocrx_word' id='word_1_254' title='bbox 1102 4158 1233 4223; x_wconf 90' lang='lat' dir='ltr'>vultum</span> <span class='ocrx_word' id='word_1_255' title='bbox 1261 4180 1357 4224; x_wconf 87' lang='lat' dir='ltr'>suum</span> 
     </span>
     <span class='ocr_line' id='line_1_34' title="bbox 304 4260 1358 4351; baseline -0.004 -23"><span class='ocrx_word' id='word_1_256' title='bbox 304 4265 408 4351; x_wconf 87' lang='lat' dir='ltr'>gratis</span> <span class='ocrx_word' id='word_1_257' title='bbox 434 4264 609 4351; x_wconf 90' lang='lat' dir='ltr'>detegente</span> <span class='ocrx_word' id='word_1_258' title='bbox 645 4268 804 4328; x_wconf 89' lang='lat' dir='ltr'>avertunt</span> <span class='ocrx_word' id='word_1_259' title='bbox 845 4263 954 4327; x_wconf 89' lang='lat' dir='ltr'>oeulos</span> <span class='ocrx_word' id='word_1_260' title='bbox 999 4261 1233 4346; x_wconf 83' lang='lat' dir='ltr'>imprudenter.</span> <span class='ocrx_word' id='word_1_261' title='bbox 1307 4260 1358 4325; x_wconf 89' lang='lat' dir='ltr'>De</span> 
     </span>
     <span class='ocr_line' id='line_1_35' title="bbox 305 4360 1356 4452; baseline -0.002 -22"><span class='ocrx_word' id='word_1_262' title='bbox 305 4367 425 4452; x_wconf 84' lang='lat' dir='ltr'>quibus</span> <span class='ocrx_word' id='word_1_263' title='bbox 460 4367 576 4431; x_wconf 85' lang='lat' dir='ltr'>beatus</span> <span class='ocrx_word' id='word_1_264' title='bbox 610 4366 789 4452; x_wconf 83' lang='lat' dir='ltr'>Apostolus</span> <span class='ocrx_word' id='word_1_265' title='bbox 819 4360 945 4431; x_wconf 85' lang='lat' dir='ltr'>Judas¹</span> <span class='ocrx_word' id='word_1_266' title='bbox 984 4363 1151 4450; x_wconf 83' lang='lat' dir='ltr'>eleganter</span> <span class='ocrx_word' id='word_1_267' title='bbox 1177 4363 1291 4429; x_wconf 88' lang='lat' dir='ltr'>scribit</span> <span class='ocrx_word' id='word_1_268' title='bbox 1321 4364 1356 4428; x_wconf 90' lang='lat' dir='ltr'>in</span> 
     </span>
    </p>
   </div>
   <div class='ocr_carea' id='block_1_4' title="bbox 1000 4555 1352 4567">
    <p class='ocr_par' dir='ltr' id='par_1_4' title="bbox 1000 4555 1352 4567">
     <span class='ocr_line' id='line_1_36' title="bbox 1000 4555 1352 4567; baseline -0.017 0"><span class='ocrx_word' id='word_1_269' title='bbox 1000 4558 1263 4567; x_wconf 64' lang='lat' dir='ltr'>.—.--.,..—------....-.v</span> <span class='ocrx_word' id='word_1_270' title='bbox 1282 4555 1352 4562; x_wconf 75' lang='lat'>.-</span> 
     </span>
    </p>
   </div>
   <div class='ocr_carea' id='block_1_5' title="bbox 714 4700 1223 4841">
    <p class='ocr_par' dir='ltr' id='par_1_5' title="bbox 714 4700 1223 4841">
     <span class='ocr_line' id='line_1_37' title="bbox 714 4700 949 4767; baseline 0 -16"><span class='ocrx_word' id='word_1_271' title='bbox 714 4703 722 4736; x_wconf 85' lang='lat'>¹</span> <span class='ocrx_word' id='word_1_272' title='bbox 735 4700 832 4767; x_wconf 76' lang='lat' dir='ltr'>Jurlur]</span> <span class='ocrx_word' id='word_1_273' title='bbox 846 4715 896 4750; x_wconf 78' lang='lat' dir='ltr'>ver.</span> <span class='ocrx_word' id='word_1_274' title='bbox 911 4704 949 4751; x_wconf 80' lang='lat' dir='ltr'>lo.</span> 
     </span>
     <span class='ocr_line' id='line_1_38' title="bbox 1158 4792 1223 4841; baseline -0.015 0"><span class='ocrx_word' id='word_1_275' title='bbox 1158 4793 1183 4841; x_wconf 90' lang='lat' dir='ltr'>D</span> <span class='ocrx_word' id='word_1_276' title='bbox 1200 4792 1223 4840; x_wconf 88' lang='lat' dir='ltr'>D</span> 
     </span>
    </p>
   </div>
   <div class='ocr_carea' id='block_1_6' title="bbox 0 0 1798 5640">
    <p class='ocr_par' dir='ltr' id='par_1_6' title="bbox 0 0 1798 5640">
     <span class='ocr_line' id='line_1_39' title="bbox 0 0 1798 5640; baseline 0 1"><span class='ocrx_word' id='word_1_277' title='bbox 0 0 1798 5640; x_wconf 95' lang='lat' dir='ltr'> </span> 
     </span>
    </p>
   </div>
  </div>
 </body>
</html>
