3586 5640
453 799 517 866 108
820 812 950 864 nocam
974 812 1123 865 nacorrs
1412 799 1501 890 [car.

286 992 415 1072 Augeae·
449 992 485 1052 et
515 986 588 1052 ideo
623 990 696 1052 tota
733 986 901 1074 originalis
937 1009 1048 1053 rerum
1078 986 1221 1074 cognitio
1260 987 1422 1075 dependet
1459 1012 1502 1056 cx

283 1061 416 1188 {pppnrpn
450 1095 543 1175 parte
581 1088 751 1154 efficientis
788 1094 823 1154 et
861 1090 1015 1155 materiae.
1085 1088 1174 1154 Nam
1211 1089 1352 1157 efficiens
1390 1092 1502 1157 influit

284 1192 421 1270 sulafrom
449 1213 542 1256 suam
557 1191 718 1257 virtutem
738 1190 774 1254 in
796 1192 978 1271 materiam,
1006 1196 1041 1258 et
1062 1197 1266 1258 transmutat
1280 1213 1352 1259 eam
1380 1216 1499 1280 usque-

283 1259 426 1390 fflegffi’
449 1315 514 1379 quo
543 1316 594 1359 res
623 1297 803 1380 generetur.
861 1293 907 1359 Et
936 1293 989 1361 hic
1019 1299 1098 1360 sunt
1129 1294 1254 1360 radices
1280 1296 1384 1360 totius
1414 1298 1499 1382 sapi-

283 1392 367 1509 ἓξὲξ
373 1394 409 1510 eof·
438 1387 548 1462 'entiae
563 1417 671 1461 rerum
687 1401 721 1461 et
734 1395 954 1477 scientiarum,
970 1402 1104 1483 propter
1119 1396 1207 1482 quod
1222 1397 1398 1484 diligenter
1411 1398 1502 1464 volui

283 1476 507 1591 „tingofie'has
531 1498 697 1564 revolvere
723 1502 758 1564 et
780 1499 977 1580 examinare,
993 1503 1028 1564 et
1050 1499 1094 1564 ad
1116 1520 1230 1577 ramos,
1255 1497 1309 1564 et¹
1336 1499 1440 1581 flores,
1464 1505 1500 1566 et

283 1599 380 1644 matrer.
448 1599 573 1666 fructus
602 1600 772 1687 applicare.
818 1599 864 1666 Et
890 1601 1083 1687 diligentius
1118 1600 1233 1687 scripsi
1257 1601 1298 1666 de
1323 1600 1393 1682 hoc,
1424 1603 1503 1688 quia

449 1702 568 1789 vulgus
593 1702 742 1769 totaliter
772 1703 904 1789 ignorat
936 1703 1021 1768 hanc
1045 1702 1259 1790 philosophiae
1283 1709 1413 1790 partem
1443 1727 1500 1770 no·

448 1804 650 1887 bilissimam‚
669 1806 825 1892 quoniam
840 1827 907 1871 non
921 1809 973 1871 est
994 1805 1117 1892 scripta
1131 1805 1220 1892 apud
1237 1805 1381 1872 Latinos.

284 1907 322 1961 Of
329 1910 430 1990 ispro·
495 1907 709 1974 Consideravi
728 1909 832 1996 igitur
843 1931 864 1973 a
878 1913 975 1995 parte.
987 1907 1156 1974 efficientis
1171 1907 1247 1988 tria,
1262 1908 1388 1976 scilicet
1403 1932 1501 1997 genes

282 1985 415 2044 ⁹³⁶³⁸¹⁰¹¹³
450 2011 612 2077 rationem
627 2011 763 2078 virtutis
783 2011 861 2098 ejus,
877 2016 913 2077 et
927 2010 1244 2098 multiplicationem,
1260 2017 1295 2077 et
1317 2013 1479 2078 actionem
1494 2037 1502 2093 ;

451 2121 486 2183 et
507 2115 592 2182 circa
605 2114 859 2203 generationem,
881 2114 996 2201 primo,
1014 2113 1096 2201 quid
1118 2114 1163 2180 sit
1184 2114 1250 2180 ista
1271 2114 1387 2194 virtus,
1403 2137 1501 2201 quam

452 2241 549 2285 omne
579 2239 680 2306 agens
708 2217 822 2282 influit
852 2217 887 2282 in
910 2216 1083 2283 materiam
1113 2216 1151 2283 in
1180 2239 1280 2304 quam
1303 2218 1391 2305 agit3
1422 2240 1501 2304 quo-

452 2322 542 2386 niam
565 2326 616 2386 est
647 2320 783 2386 effectus
813 2319 884 2405 ejus
911 2319 1079 2400 univocus,
1102 2320 1220 2385 similis
1245 2322 1359 2408 agenti
1381 2325 1502 2386 natura

452 2429 488 2488 et
509 2422 712 2487 diffinitione.
758 2422 900 2487 Etcum
925 2427 1061 2487 vocetur
1082 2423 1197 2500 virtus,
1221 2423 1275 2488 vel
1297 2423 1426 2510 species,
1449 2423 1502 2489 vel

451 2525 560 2609 imago
591 2523 730 2608 agentis,
753 2529 788 2587 et
818 2521 933 2587 multis
964 2523 1039 2587 ahie
1065 2522 1276 2605 nominibus,²
1298 2526 1502 2591 consideravi

452 2623 614 2712 quomodo
653 2624 804 2689 educitur
837 2624 873 2688 in
900 2645 991 2705 esse3
1018 2646 1062 2688 an
1104 2646 1162 2711 per
1189 2627 1434 2712 generationem
1460 2628 1501 2693 de

451 2727 600 2814 potentia
630 2726 788 2807 materiae,
820 2750 863 2792 an
890 2748 949 2813 per
976 2727 1106 2794 exitum
1137 2727 1180 2792 ab
1214 2733 1342 2813 agente,
1371 2748 1415 2793 an
1442 2751 1501 2815 per

450 2829 704 2917 impressionem,
743 2829 828 2896 sicut
864 2828 1010 2917 sigillum
1048 2830 1119 2918 agit
1155 2829 1192 2894 in
1228 2852 1345 2897 ceram.
1411 2830 1501 2896 Nam

451 2931 529 3000 hic⁸
555 2937 607 2999 est
632 2955 761 2998 summa
783 2931 968 3012 difficultas,
992 2937 1124 3020 propter
1151 2932 1373 3019 ignorantiam
1404 2933 1501 2998 istius

450 3036 555 3122 partis
599 3035 819 3123 philosophiae.
879 3035 1023 3101 Probavi
1067 3041 1180 3102 tamen
1224 3035 1501 3101 certitudinaliter

452 3137 540 3224 quod
568 3137 637 3205 haec
664 3138 772 3204 virtus
798 3137 950 3203 educitur
986 3137 1027 3204 de
1054 3138 1205 3226 potentia
1231 3138 1388 3217 materia,
1415 3137 1501 3204 sicut

284 3251 317 3317 by
330 3250 389 3329 pins
450 3240 524 3307 aliae
555 3263 607 3305 res
640 3240 838 3306 naturaliter
870 3246 1044 3328 generata.
1113 3241 1160 3306 Et
1192 3239 1396 3307 consideravi
1426 3263 1500 3328 quae

282 3320 422 3450 ffissffii
451 3343 583 3430 agentia
605 3342 732 3409 faciunt
754 3343 883 3430 species,
916 3349 951 3408 et
973 3344 1061 3430 quod
1083 3349 1216 3410 tantum
1231 3343 1413 3410 accidentia
1428 3352 1501 3411 octo

283 3450 396 3515 spiritual
450 3445 577 3510 faciunt
599 3445 747 3531 speciem,
770 3446 825 3511 vel
847 3467 967 3511 novem
990 3446 1033 3511 ad
1056 3446 1129 3532 plus
1141 3445 1166 3527 3⁴
1192 3446 1323 3525 scilicet,
1347 3447 1499 3527 calidum,

283 3520 437 3648 ffiffig
450 3547 616 3635 frigidum,
648 3547 832 3628 humidum,
865 3548 994 3626 siccum,
1026 3549 1095 3628 lun,
1134 3549 1229 3628 color,
1269 3549 1356 3628 odor,
1395 3574 1498 3639 sapor,

283 3660 387 3702 sunces.
450 3672 553 3717 sonus.
601 3650 666 3716 Sed
697 3656 810 3717 tamen
842 3674 952 3717 omncs
984 3651 1282 3731 substantiatum
1314 3653 1501 3740 spirituales

451 3774 549 3842 quam
572 3753 762 3840 corporales,
778 3754 904 3819 faciunt
927 3777 1006 3820 eam.
1053 3755 1182 3842 Species
1204 3755 1292 3820 enim
1308 3757 1501 3822 substantiae

484 4053 540 4117 ὀί]
559 4072 607 4107 om.
626 4056 656 4106 T.
1003 4058 1019 4084 ‘⁸
1035 4069 1087 4105 uon
1117 4053 1223 4106 sumitur
1258 4052 1301 4103 hic
1335 4067 1379 4117 pro
1407 4062 1500 4115 quanto

484 4135 650 4202 'nominitud
674 4139 690 4165 ‘⁸
700 4133 764 4187 Hac
784 4136 861 4185 virtue
877 4134 951 4185 habet
1002 4139 1018 4162 ‘⁸
1034 4131 1170 4184 universali
1181 4130 1248 4198 apud
1258 4131 1426 4197 Porphyrium
1443 4133 1498 4193 (tc.

450 4220 466 4243 ‘¹
483 4216 562 4265 multa
578 4216 696 4274 nomina;
714 4222 819 4265 vocatur
837 4213 950 4265 enimai-
1001 4209 1089 4278 logical
1116 4213 1230 4278 specior),
1259 4212 1303 4261 sed
1334 4210 1498 4261 transumitur

450 4297 465 4322 ‘⁸
482 4293 596 4343 mititudo
625 4293 728 4358 agentis,
756 4302 782 4344 et
809 4293 900 4359 imago,
925 4300 950 4344 et
1001 4297 1017 4320 “
1033 4292 1082 4343 hoc
1095 4306 1186 4342 nomen
1204 4292 1236 4340 ad
1255 4289 1499 4355 designandumpri·

450 4378 465 4402 ‘¹
482 4372 617 4437 species,et
627 4372 730 4434 idolum,
742 4381 768 4423 ct
778 4373 950 4434 simulacrum,
1000 4376 1016 4400 ⁴⁸
1033 4386 1101 4421 mum
1119 4371 1235 4422 effectum
1255 4369 1388 4433 cujuslibet
1403 4371 1499 4435 agentis

450 4454 465 4482 ‘⁴
482 4459 508 4503 et
524 4452 678 4516 phantasma,
689 4459 714 4501 ct
725 4452 812 4512 sonna,
824 4459 849 4502 et
868 4450 949 4503 inten·
1000 4457 1015 4480 ‘⁴
1032 4448 1304 4513 naturaliter-Opus
1315 4449 1376 4513 Maj.
1386 4465 1409 4515 p.
1420 4452 1476 4502 358.

449 4537 464 4561 “
481 4532 523 4590 tio,
535 4531 660 4595 etpumia,
671 4539 696 4581 ct
707 4530 846 4595 impressio,
858 4539 883 4582 ct
894 4547 947 4581 nm·
1032 4529 1103 4599 ⁸tic]
1121 4531 1183 4592 haec,
1201 4524 1232 4581 T.

449 4617 464 4642 ⁸⁸
481 4610 948 4675 brapbilosophornm‚apudauctorcs
1032 4611 1148 4676 ‘saciant
1173 4611 1273 4676 speciem
1295 4645 1400 4662 .....
1426 4609 1495 4679 plus]

448 4697 463 4721 ¹¹
480 4693 511 4743 dc
543 4690 691 4756 aspectibus.
728 4688 827 4755 Species
864 4697 947 4742 autem
1000 4705 1049 4742 ona
1068 4691 1107 4752 B,
1123 4691 1174 4740 and
1191 4690 1281 4742 inserts
1293 4690 1356 4741 aaa
1372 4707 1452 4744 sorva
