3586 5640
309 755 454 842 xxx1n.]
680 758 778 824 'oens
800 773 963 826 reanum
1294 761 1358 825 113

306 946 362 1023 rei,
393 945 472 1031 qnia
501 945 559 1010 ubi
589 945 684 1030 pauci
714 946 798 1013 radii
821 968 879 1033 per
901 947 1103 1025 fractionem,
1128 946 1180 1013 vel
1204 970 1262 1035 per
1284 971 1357 1035 spe·

303 1047 413 1113 culum
435 1047 631 1134 sphaericum
653 1054 903 1134 congregantur,
927 1049 1047 1114 accidit
1080 1050 1265 1116 combustio
1288 1073 1359 1116 sen-

304 1149 417 1226 sibilis,
433 1154 473 1213 ut
495 1148 653 1215 videmus.
701 1150 789 1236 Ergo
811 1152 869 1216 ubi
892 1151 1050 1217 infinities
1073 1152 1195 1217 infiniti
1219 1159 1357 1238 possunt

304 1250 504 1337 congregari,
538 1251 596 1316 fiet
627 1251 808 1316 combustio
840 1253 1007 1339 completa
1077 1253 1123 1318 Et
1154 1255 1214 1319 hoc
1238 1253 1358 1319 docent

306 1357 453 1417 auctores
484 1351 573 1428 certi,
604 1358 639 1418 et
676 1358 843 1418 testantur
877 1349 1130 1440 possibilitatem
1168 1355 1267 1441 hujus
1301 1357 1357 1421 rei.

306 1453 353 1517 Et
377 1455 447 1539 jam
471 1475 529 1540 per
550 1454 615 1519 Dei
636 1455 781 1541 gratiam
805 1455 929 1522 factum
951 1461 1003 1522 est
1025 1455 1085 1521 hoc
1107 1457 1276 1543 speculum
1300 1480 1358 1542 per

307 1556 584 1641 sapientissimum
608 1555 811 1623 Latinorum.

702 1993 782 2062 (lar.
806 1994 969 2061 XXXIV.

244 2277 246 2279 ,
354 2203 500 2284 Qnmm
521 2205 619 2271 radix
641 2209 692 2272 est
713 2206 820 2293 magis
842 2206 936 2272 utilis
957 2206 1090 2284 munda,
1107 2229 1148 2277 ac,
1167 2206 1356 2283 mirabilior,
1372 2215 1526 2296 mutiplica-

309 2312 469 2392 quantum
492 2307 535 2372 ad
558 2308 722 2375 utilitates
745 2308 900 2396 publicas,
925 2309 994 2374 sine
1017 2309 1137 2395 quibus
1159 2309 1308 2375 homines
1323 2314 1358 2375 et
1371 2283 1491 2400 “⁰¹¹2st

308 2409 450 2474 mundus
482 2409 601 2475 durare
632 2432 698 2475 non
732 2417 878 2496 possunt,
901 2433 961 2476 nec
994 2411 1077 2478 sciri.
1135 2411 1178 2476 Et
1212 2417 1263 2477 est
1294 2365 1510 2477 istafficemd

309 2510 541 2597 multiplicatio
572 2534 671 2598 super
702 2512 806 2578 lineas
838 2512 1064 2593 accidentales,
1098 2535 1174 2599 quse
1207 2536 1274 2579 non
1302 2535 1358 2579 ve·
1371 2498 1453 2561 ¹⁸5¹·-

309 2612 409 2677 niunt
438 2614 481 2678 ab
507 2614 691 2700 agentibus,
716 2615 773 2679 sed
800 2637 821 2679 a
850 2615 952 2680 radiis
983 2614 1228 2701 principalibus,
1252 2616 1358 2693 rectis,

307 2713 429 2795 fractis,
454 2720 488 2780 et
519 2715 658 2780 reflexis
704 2715 782 2780 Non
814 2717 903 2780 enim
938 2737 1111 2802 possumus
1142 2738 1271 2802 semper
1303 2739 1359 2782 ex·

308 2816 387 2901 poni
401 2817 502 2881 radiis
525 2817 762 2904 principalibus
785 2816 966 2894 stellarum,
983 2838 1043 2883 nec
1065 2839 1175 2882 rerum
1198 2818 1361 2896 aliarum,

310 2939 415 3003 neque
437 2919 539 2984 etiam
563 2919 720 2984 animalia
743 2925 777 2985 et
800 2918 952 3005 planetae,
976 2919 1055 3004 quia
1077 2920 1123 2984 sic
1146 2918 1258 2983 omnia
1283 2921 1362 2983 viva

310 3025 523 3086 morerentur.
585 3021 631 3087 Et
653 3021 727 3087 ideo
750 3026 871 3085 natura
898 3019 1098 3105 temperavit
1121 3020 1264 3085 actiones
1286 3040 1362 3083 suns

311 3143 370 3208 per
400 3122 588 3208 hujusmodi
620 3121 911 3208 multiplicationes
942 3120 1165 3201 accidentales,
1198 3121 1283 3187 sicut
1312 3126 1362 3185 est

311 3224 545 3310 multiplicatio
576 3224 658 3290 lucis
689 3245 747 3310 per
780 3229 887 3289 totam
922 3223 1056 3288 domum
1090 3246 1111 3287 a
1144 3223 1236 3289 radio
1273 3223 1363 3310 prin-

308 3325 420 3412 cipali,
442 3327 501 3412 qui
534 3326 625 3392 cadit
651 3348 710 3413 per
741 3325 927 3406 fenestram,
950 3325 1004 3391 vel
1029 3327 1087 3411 qui
1119 3331 1216 3391 extra
1247 3331 1297 3391 est
1328 3327 1364 3389 in

313 3433 394 3492 aare.
456 3427 501 3492 Et
524 3427 594 3495 haec
617 3427 849 3514 multiplicatio
879 3425 960 3493 facit
991 3426 1078 3513 quod
1101 3427 1198 3492 homo
1221 3429 1364 3492 existens

312 3529 349 3593 in
380 3529 543 3616 profundo
574 3530 654 3610 loco,
678 3534 718 3594 ut
750 3530 785 3593 in
817 3529 980 3615 profundo
1015 3530 1117 3614 putei,
1149 3528 1203 3593 vel
1225 3529 1364 3612 alicujus

313 3631 417 3698 fovea
432 3631 615 3717 profundae,
639 3631 769 3696 videret
791 3631 904 3696 stellas
927 3631 969 3695 de
991 3631 1043 3694 die
1066 3630 1252 3710 clarissima,
1277 3630 1365 3715 quod

313 3755 380 3798 non
410 3733 532 3799 faceret
563 3735 598 3798 in
629 3733 798 3819 superficie
824 3732 924 3818 putei,
948 3732 1027 3818 quia
1049 3732 1198 3817 superius
1220 3731 1365 3795 existens

313 3835 425 3902 lumen
448 3836 525 3901 solis
547 3835 728 3922 principale
759 3834 902 3900 occultat
934 3833 1045 3897 lumen
1077 3831 1253 3897 stellarum.
1301 3831 1367 3896 Sed

313 3937 350 4000 in
371 3936 474 4003 fundo
504 3938 598 4024 putei
621 3937 716 4002 venit
750 3936 864 4001 lumen
887 3934 964 3999 solis
996 3933 1204 4011 accidentale,
1234 3937 1268 3998 et
1298 3955 1366 3997 non

308 4038 502 4125 principale.
548 4038 615 4104 Sed
646 4038 757 4104 lumen
790 4037 960 4102 stellarum
991 4034 1168 4122 principale
1200 4033 1368 4100 deseendit

314 4139 350 4204 in
372 4147 520 4226 puteum,
544 4146 580 4206 et
602 4161 670 4206 non
693 4144 802 4227 potest
825 4137 981 4204 occultari
1004 4158 1062 4223 per
1087 4137 1199 4201 lumen
1222 4138 1367 4202 acciden-

314 4241 383 4307 tale
406 4243 506 4324 solis3
529 4242 648 4308 fortius
669 4242 759 4308 enim
782 4246 833 4306 est
855 4241 968 4304 lumen
984 4238 1052 4304 tale
1074 4238 1244 4305 stellarum
1267 4261 1367 4325 quam

314 4343 375 4410 lux
389 4345 602 4410 accidentalis
617 4344 714 4424 solis3
738 4343 795 4409 sed
810 4342 929 4407 fortius
943 4342 1055 4407 lumen
1076 4341 1219 4407 occultat
1242 4363 1368 4429 semper

315 4468 336 4510 a
359 4446 434 4512 visu
459 4445 608 4512 debilius.

360 4547 406 4613 Et
429 4548 548 4635 quinto
580 4548 679 4615 modo
708 4569 805 4634 super
835 4546 957 4612 lineam
987 4545 1168 4612 flexuosam
1190 4547 1231 4612 fit
1254 4544 1367 4610 multi·
1380 4537 1519 4654 &possesor

323 4649 456 4737 plicatio
489 4652 526 4717 iu
556 4651 666 4719 nervis
700 4671 863 4729 sensuum,
897 4671 996 4737 supra
1023 4648 1111 4736 leges
1148 4654 1285 4727 natura,
1320 4669 1368 4714 se·
1382 4619 1494 4722 stellein

403 4767 479 4819 VOL.
502 4769 523 4819 1.
620 4768 623 4773 '
722 4802 727 4814 .
1208 4765 1236 4815 11
