3586 5640
458 709 521 774 136
826 723 954 773 aooaar
977 725 1123 776 ascerus
1422 712 1510 802 [cnr.

455 896 549 974 cavi,1
574 899 631 963 sed
654 899 690 962 iu
712 899 823 964 Tertio
845 901 1052 986 pertransivi,
1077 902 1150 967 ideo
1177 902 1302 986 aliquid
1325 902 1431 967 dicam
1454 903 1509 968 hic

455 1000 498 1063 ad
529 1001 766 1085 expositionem
796 1001 885 1065 illius
916 1002 1003 1086 quod
1034 1003 1070 1065 in
1101 1003 1219 1087 Majori
1249 1004 1354 1086 Opere
1384 1003 1506 1088 scripsi.

292 1102 405 1220 ihssegupss
456 1100 652 1166 Aristoteles
675 1103 807 1187 quidem
831 1102 912 1167 dicit
928 1107 1051 1180 *contra
1075 1125 1137 1180 eos
1162 1102 1249 1186 quod
1273 1107 1405 1167 tantum
1429 1104 1504 1167 duca

285 1183 422 1296 fflfimfo'f
455 1204 569 1286 figurae
600 1204 780 1289 corporales
811 1209 948 1290 possunt
985 1203 1092 1269 locum
1130 1203 1253 1289 replere
1290 1204 1360 1268 sine
1391 1225 1504 1283 vacuo,

288 1301 417 1354 Aristone.
455 1305 578 1369 scilicet
609 1306 712 1369 cubus
749 1311 784 1370 et
814 1305 980 1392 pyramis;
1018 1311 1053 1370 et
1082 1305 1141 1369 has
1172 1305 1336 1371 dederunt
1354 1305 1438 1392 igni
1472 1311 1505 1370 et

455 1411 576 1486 terrae3
598 1427 674 1492 ergo
697 1406 733 1470 in
754 1407 888 1492 reliquis
909 1407 1018 1471 tribus
1041 1407 1232 1494 corporibus
1255 1407 1321 1472 erit
1342 1428 1504 1484 vacuum3

455 1508 579 1574 scilicet
606 1529 700 1592 aqua,
726 1507 779 1572 et²¹
802 1515 886 1587 aere,
917 1515 952 1574 et
982 1508 1072 1575 coelo.
1124 1510 1263 1597 Replere
1293 1531 1371 1574 vero
1401 1510 1507 1574 locum

455 1614 506 1675 cst
535 1610 732 1695 tripliciter;
769 1632 836 1674 uno
867 1611 964 1675 rnodo
995 1611 1080 1676 sicut
1118 1634 1214 1676 omne
1252 1634 1370 1697 corpus
1407 1611 1508 1678 habet

453 1712 559 1776 locum
586 1717 708 1798 praeter
730 1712 852 1777 coelum
878 1712 1044 1792 ultimum,
1072 1718 1107 1778 et
1135 1736 1202 1779 non
1228 1715 1335 1779 solum
1360 1713 1434 1778 coeli
1458 1714 1508 1777 in-

453 1812 587 1878 feriores
608 1819 643 1878 ct
663 1815 834 1892 elementa,
850 1814 908 1879 sed
930 1815 1110 1901 composita
1130 1837 1173 1879 cx
1194 1815 1373 1880 clementis
1420 1815 1508 1894 Quia

453 1914 616 1999 quidlibet
645 1915 747 1981 habet
777 1916 912 2000 aliquod
942 1915 1166 1982 elementum⁸
1197 1916 1369 1981 continens
1399 1916 1507 2002 ipsum

453 2021 487 2080 et
523 2017 641 2092 locans,
672 2022 793 2103 praeter
823 2019 979 2083 ultimum
1017 2018 1156 2095 coelum;
1194 2023 1227 2083 et
1259 2019 1306 2082 sic
1336 2019 1426 2083 locus
1456 2025 1508 2083 est

452 2117 608 2182 ultimum
653 2119 863 2200 continentis,
906 2126 945 2184 ut
990 2119 1187 2185 Aristoteles
1231 2119 1346 2186 docet⁴
1388 2126 1507 2205 quarto

454 2219 667 2304 Plrysicorum
681 2220 709 2301 5⁵
740 2227 775 2286 et
805 2224 852 2288 sic
878 2244 973 2287 omne
1007 2243 1123 2309 corpus
1152 2222 1258 2308 replet
1287 2222 1403 2299 locum,
1429 2221 1509 2308 quia

454 2322 625 2407 quodlibet
662 2329 814 2408 coquatur
851 2347 910 2389 suo
948 2325 1028 2404 loco,
1068 2329 1103 2389 et
1140 2346 1247 2410 neque
1285 2323 1359 2410 plus
1401 2346 1507 2410 nequo

452 2423 562 2488 minus
596 2425 697 2490 habet
711 2451 719 2507 ;
757 2432 793 2491 et
822 2426 869 2490 sic
898 2425 1116 2491 communiter
1146 2431 1181 2490 et
1211 2426 1396 2511 vulgariter
1425 2427 1508 2490 acci-

452 2525 562 2611 pimus
591 2527 698 2592 locum
730 2535 764 2593 et
790 2529 916 2614 replere
942 2525 1079 2613 ipsum.⁶
1124 2528 1189 2592 Sed
1216 2528 1263 2592 sic
1289 2549 1357 2593 non
1383 2528 1505 2613 accipit

452 2627 648 2694 Aristoteles
679 2629 715 2693 in
745 2628 977 2715 reprobatione
1006 2629 1080 2708 ista,
1107 2628 1165 2694 sed
1195 2629 1300 2709 aliter,
1327 2630 1507 2695 secundum

451 2731 540 2815 quod
567 2731 673 2817 magis
697 2731 828 2818 proprie
851 2730 975 2817 replere
998 2729 1106 2795 locum
1131 2731 1287 2795 convenit
1307 2729 1507 2816 superficiei⁷

451 2853 550 2916 quam
570 2833 705 2919 corpori.
752 2832 840 2897 Nam
861 2833 1011 2918 paucitas
1031 2832 1276 2918 superficierum
1296 2832 1505 2920 implentium

450 2956 510 2999 sua
532 2935 603 3000 loca
625 2942 675 3001 est
698 2958 795 3001 causa
817 2935 995 3021 paucitatis
1019 2956 1190 3021 corporum
1214 2935 1426 3021 implentium
1446 2958 1509 3001 sua

450 3036 527 3102 loca
591 3037 678 3103 Sunt
716 3038 804 3103 enim
842 3042 975 3102 tantum
1014 3040 1080 3102 tres
1118 3037 1304 3122 superficies
1333 3037 1506 3124 implentes

451 3137 532 3218 loca,
557 3146 591 3203 et
618 3139 683 3204 duo
708 3160 844 3227 corpora
866 3143 1007 3216 tantum,
1031 3138 1210 3204 secundum
1235 3139 1322 3225 quod
1347 3138 1400 3203 hic
1425 3139 1507 3204 acci-

451 3240 543 3326 pitur
565 3241 702 3325 repletio
725 3240 794 3305 loci.

499 3342 637 3428 Replere
652 3363 731 3407 vero
752 3341 1000 3427 superficialiter
1017 3341 1124 3408 locum
1145 3349 1197 3408 est
1211 3341 1345 3429 implere
1365 3349 1506 3429 quatuor

453 3444 594 3530 angulos
632 3449 737 3509 rectos
775 3444 860 3509 circa
896 3449 1055 3529 punctum
1092 3467 1206 3525 unum,
1237 3446 1505 3530 qualitercunque

451 3547 568 3632 figuras
607 3545 649 3608 ad
687 3546 829 3610 invicem
868 3552 1112 3632 componantur,
1151 3549 1227 3632 quin
1262 3569 1330 3613 non
1368 3553 1505 3633 possunt

449 3648 558 3734 plures
590 3669 664 3712 esse.
729 3648 860 3734 Figurae
887 3648 1103 3734 superficiales
1133 3650 1245 3736 igitur,
1269 3672 1342 3736 quae
1373 3673 1505 3736 congre·

448 3756 538 3836 gatae
569 3751 654 3815 circa
689 3755 848 3837 punctum
882 3772 986 3814 unum
1017 3757 1156 3837 possunt
1186 3752 1318 3837 praecise
1348 3774 1505 3838 occupare

448 3858 595 3938 quatuor
625 3853 765 3940 angulos
795 3857 909 3931 rectos,
940 3850 991 3916 et⁸
1020 3875 1080 3918 nec
1109 3853 1183 3938 plus
1212 3875 1272 3918 nec
1296 3853 1413 3929 minus,
1438 3852 1503 3916 illae

447 3961 588 4041 possunt
610 3955 717 4021 locum
741 3955 884 4041 replere3
907 3959 947 4018 ut
969 3960 1049 4019 suut
1071 3961 1212 4040 quatuor
1234 3954 1403 4040 quadrata,
1425 3975 1503 4016 nam

446 4056 589 4143 angulus
616 4058 770 4144 quadrati
797 4061 905 4122 rectus
931 4061 988 4120 est
1039 4057 1085 4121 Et
1115 4063 1182 4122 tres
1212 4055 1376 4141 hexagoni
1406 4076 1501 4141 regu-

478 4363 483 4392 ¹
502 4360 638 4428 explicavi]
660 4363 730 4426 Opus
742 4362 834 4426 Major,
845 4378 869 4426 p.
885 4368 939 4412 100.
1032 4364 1041 4392 ⁵
1060 4359 1226 4428 ripaeorum]
1246 4379 1300 4427 cap.
1319 4369 1342 4414 5.

473 4442 530 4506 ἐι]
549 4457 597 4491 om.
616 4442 646 4492 Τ.
668 4443 696 4493 L.
1030 4441 1143 4508 Πρω]
1162 4444 1254 4502 locum,
1272 4444 1303 4492 T.

473 4519 641 4585 'clarentum
655 4536 704 4570 orn.
716 4521 761 4582 B.;
779 4519 878 4586 aliquid,
893 4521 921 4571 L.
1032 4523 1040 4548 ἵ
1056 4521 1206 4587 superficies]
1230 4531 1280 4574 tarn
1292 4522 1440 4588 superficiei,
1450 4523 1478 4575 L.

472 4599 571 4664 Νίκα]
590 4599 658 4660 dicit,
677 4599 707 4650 Τι
1030 4599 1085 4665 ἐτ]
1105 4614 1154 4651 orn.
1173 4600 1196 4651 Τ
