3586 5640
654 748 720 813 too
1032 757 1163 810 monor
1185 756 1332 810 moorue
1612 745 1710 833 [cn.

652 939 771 1017 eonius,
787 940 887 1024 etque
909 936 1088 1003 virtuosius
1110 936 1189 1002 dum
1211 936 1248 1000 in
1270 935 1440 1023 primitivo
1460 955 1540 1003 vere
1560 941 1706 1018 tenetur,

653 1063 753 1128 quem
775 1062 879 1127 quum
902 1040 943 1107 de
965 1060 1042 1105 vose
1069 1039 1106 1103 in
1129 1059 1189 1103 ves
1215 1038 1468 1117 transfunditur,
1491 1039 1707 1107 menifestum

651 1150 703 1210 eet
731 1144 948 1210 neceesarium
979 1142 1049 1206 fore
1087 1141 1224 1218 Ietinis,
1255 1145 1296 1207 ut
1324 1143 1354 1207 ei
1390 1142 1509 1207 volunt
1546 1164 1637 1230 puro,
1671 1149 1708 1211 et

651 1270 738 1325 seno,
763 1253 798 1312 et
820 1245 939 1311 effieeci
960 1245 1130 1331 sapientire
1153 1244 1280 1329 liquore
1303 1245 1420 1330 poturi,
1442 1245 1531 1332 quod
1552 1246 1707 1313 insonte

652 1350 810 1415 Hebroici
840 1349 1005 1425 sermonis,
1034 1353 1069 1412 ot
1100 1346 1274 1425 (interciet
1301 1347 1444 1425 Arabici,
1477 1355 1636 1435 tunquam
1667 1351 1707 1414 in

651 1453 830 1541 primitivis
861 1451 956 1531 veeie,
983 1450 1112 1514 dieeent
1141 1449 1338 1536 sapientiem
1367 1450 1547 1518 exhaurire
1605 1451 1705 1517 Nun-

652 1577 751 1642 quem
773 1554 861 1620 enim
891 1557 1048 1640 poterunt
1078 1551 1274 1638 dignitatem
1306 1552 1475 1638 supientiae
1505 1554 1541 1618 in
1571 1555 1709 1641 proprie

650 1658 756 1723 forma
793 1663 827 1721 et
864 1657 970 1742 figure
1007 1653 1228 1740 contemplari,
1267 1675 1327 1719 nec
1358 1660 1398 1719 ut
1429 1660 1480 1720 eet
1515 1657 1552 1720 in
1589 1655 1707 1722 decore

650 1781 717 1837 suo,
741 1759 807 1824 niel
829 1760 865 1823 in
887 1758 952 1822 illie
981 1757 1104 1844 linguis
1129 1777 1201 1821 eum
1227 1755 1396 1842 aspicient,
1419 1757 1457 1822 in
1486 1758 1607 1843 quibus
1636 1759 1707 1846 pri·

651 1863 752 1927 mitue
789 1861 897 1927 fueret
934 1859 1122 1925 constitute
1172 1856 1210 1937 Ο,
1247 1863 1408 1943 quentum
1444 1860 1551 1946 placet
1585 1867 1707 1948 potue

651 1963 823 2050 sepientiae
846 1962 975 2047 hirqui
1007 1961 1054 2027 eie
1075 1965 1155 2025 eunt
1176 1959 1293 2026 fontali
1317 1965 1352 2026 et
1380 1959 1537 2047 primorie
1558 1961 1705 2048 plenitu-

651 2067 728 2131 dine
766 2065 912 2130 delibuti.
958 2063 1026 2129 Sed
1063 2063 1120 2148 qui
1158 2063 1220 2127 hoc
1256 2084 1325 2127 non
1360 2068 1440 2128 eunt
1473 2066 1602 2151 experti
1634 2086 1703 2132 non

650 2169 801 2234 sentiunt
823 2166 1073 2233 delectationem
1097 2165 1291 2252 eapientiae3
1312 2165 1399 2231 sicut
1420 2186 1480 2231 nec
1502 2167 1707 2253 paralyticum

651 2276 759 2356 potest
796 2268 861 2334 cibi
899 2267 1104 2333 dulcedinem
1137 2267 1292 2352 judicare
1369 2266 1415 2332 Et
1451 2268 1530 2353 quie
1566 2268 1707 2336 effectus

650 2393 763 2437 eorum
786 2377 837 2436 eet
858 2369 985 2434 solutus
1007 2369 1159 2455 paralysi,
1182 2375 1216 2434 et
1238 2369 1426 2435 intellectus
1448 2389 1561 2434 eorum
1583 2372 1621 2436 in
1643 2371 1707 2440 hec

650 2478 744 2559 perte
778 2477 829 2536 eet
862 2473 948 2537 sicut
979 2471 1096 2535 surdus
1128 2493 1149 2535 a
1170 2472 1348 2536 nativitate
1379 2472 1423 2538 ed
1452 2471 1706 2542 delectationem

650 2573 837 2654 hemoniae,
861 2573 935 2638 ideo
957 2593 1024 2637 non
1055 2573 1168 2638 dolent
1190 2574 1232 2638 de
1254 2579 1349 2639 tento
1378 2575 1499 2640 domno
1521 2575 1703 2662 sapientire,

651 2699 725 2744 eum
747 2682 861 2742 temen
881 2677 926 2740 eit
947 2675 1160 2762 proculdubio
1182 2675 1360 2742 infinitum

480 2799 536 2915 oThtne
542 2814 638 2852 meon
697 2780 824 2846 Oeteve
855 2799 953 2844 ceuee
984 2784 1034 2844 eet
1064 2799 1196 2843 ennexe
1228 2778 1305 2844 huie
1334 2780 1506 2865 septimae3
1527 2799 1606 2845 nem
1634 2802 1704 2848 non

480 2864 598 3048 dir
547 2867 1394 3101 Μίἓζῗῒιῗὺιῖζῖιιὶἶῖᾛιιέξὲἒῖιιῗέἓῖ
1415 2881 1705 3069 limittit

479 3063 591 3191 ζξθξιζξθ
650 3088 846 3203 intelligent,
877 3087 942 3151 uiei
964 3084 1086 3171 linguis
1115 3084 1269 3149 instructi
1299 3084 1423 3150 suerint
1444 3086 1565 3152 elienie
1613 3088 1702 3168 Quo-

479 3210 523 3244 sen
506 3197 591 3246 necor
648 3189 738 3253 niem
768 3190 885 3254 beatus
916 3185 1161 3272 Hieronymus¹
1193 3186 1313 3250 dicit
1304 3209 1339 3250 m
1369 3187 1453 3253 libro
1483 3189 1535 3253 De
1565 3189 1704 3276 Optimo

478 3263 597 3392 ἔξω
569 3336 625 3380 into
650 3291 775 3356 Genere
810 3289 1063 3406 Interpretendi,
1094 3290 1182 3374 quod
1212 3310 1280 3352 non
1310 3295 1419 3375 poteet
1440 3292 1548 3376 gratie
1584 3295 1704 3378 prioris

479 3395 590 3447 eunome
648 3393 770 3479 lingum
791 3392 915 3456 servari
937 3391 973 3455 in
995 3391 1173 3478 posteriori.
1220 3390 1317 3468 Nem,
1340 3396 1381 3455 ut
1403 3392 1451 3457 eit
1467 3391 1701 3479 Hieronymus,

647 3515 721 3560 cum
745 3493 930 3560 Homerum
951 3493 1067 3558 velis
1057 3514 1095 3556 m
1125 3493 1273 3578 linguam
1295 3497 1480 3558 maternam
1510 3503 1703 3564 convertere

646 3596 776 3663 videbis
812 3595 989 3660 ridiculum
1034 3599 1069 3659 et
1114 3600 1246 3680 potitum
1292 3595 1595 3680 eloquentissimum
1641 3600 1702 3665 vix

645 3701 821 3786 loquacem
869 3698 966 3778 Quod
1005 3697 1144 3782 quilibet
1174 3701 1285 3782 potest
1326 3698 1475 3784 experiri,
1507 3701 1701 3789 silogieom

646 3803 700 3868 vel
731 3802 986 3889 grammaticam,
1025 3801 1080 3865 vel
1117 3799 1208 3864 eliud
1241 3800 1329 3884 quod
1367 3801 1486 3867 didicit
1514 3801 1551 3867 in
1586 3804 1703 3891 lingue

648 3906 777 3983 Latine,
809 3904 891 3969 velit
919 3904 955 3967 in
984 3903 1132 3990 linguam
1166 3903 1275 3988 gentis
1308 3924 1377 3968 euae
1414 3909 1549 3972 mutere.
1610 3906 1701 3973 Nem

645 4009 828 4095 proprietee
870 4007 969 4070 unius
1011 4027 1078 4069 non
1110 4004 1285 4070 concordat
1326 4027 1400 4069 cum
1438 4008 1511 4088 elio,
1542 4013 1578 4074 et
1609 4010 1701 4094 quod

646 4111 771 4196 optime
792 4113 889 4174 sonat
913 4109 950 4172 in
974 4129 1051 4188 une,
1075 4107 1214 4194 pessime
1237 4107 1291 4172 vel
1314 4108 1398 4171 nihil
1417 4111 1504 4195 sapit
1527 4111 1563 4174 in
1585 4112 1700 4192 ultera,

646 4213 731 4277 sicut
760 4211 972 4276 manifestum
1003 4216 1053 4276 eet
1088 4209 1154 4274 illie
1192 4210 1249 4295 qui
1280 4209 1438 4275 Latinum
1468 4219 1503 4277 et
1533 4219 1701 4281 meternes

644 4314 776 4399 linguae
798 4324 971 4393 noverunt,
999 4319 1035 4378 et
1071 4335 1106 4377 ee
1138 4313 1405 4378 exercitaverant
1433 4315 1469 4378 in
1500 4315 1560 4380 hec
1593 4324 1698 4402 porte.

938 4635 945 4664 ¹
958 4634 1132 4700 Hieronymur]
1153 4633 1200 4686 See
1211 4635 1297 4695 above,
1310 4651 1333 4700 p.
1346 4641 1387 4687 90.
