3586 5640
685 822 688 827 .
730 776 817 825 orus
838 777 956 827 uiuus.
1303 767 1368 829 348

315 948 414 1013 tionis
444 948 657 1013 historiarinn
688 955 722 1014 et
752 951 992 1015 sententiarum
1023 956 1182 1016 notentur
1219 960 1367 1020 auctores
1381 959 1489 1013 various

314 1055 349 1116 et
374 1056 524 1137 tempora
543 1072 664 1116 eorum.
712 1051 756 1116 Et
780 1053 827 1117 sic
851 1053 892 1116 de
917 1054 1031 1117 multis
1054 1077 1127 1139 quae
1150 1077 1217 1118 non
1243 1028 1533 1162 habentlffe'fflf

313 1154 588 1239 comparationem
627 1155 671 1218 ad
717 1154 781 1219 Dei
827 1158 966 1220 textum.
1029 1155 1235 1242 Quapropter
1272 1159 1368 1245 longe
1379 1168 1456 1210 ‘¹110ss-

313 1256 418 1340 magis
440 1257 579 1321 sciretur
607 1256 748 1341 quanda,
778 1261 813 1320 et
843 1280 865 1321 a
895 1279 968 1343 quo,
994 1263 1028 1321 et
1051 1259 1144 1344 cujus
1170 1261 1368 1327 auctoritate

313 1356 383 1423 baec
404 1359 592 1445 compilatio
624 1359 715 1423 Sacri
746 1359 871 1424 Textus
906 1360 994 1424 faeta
1024 1361 1074 1426 sit.
1130 1361 1175 1425 Et
1204 1363 1367 1448 praecipue

312 1480 386 1524 curn
426 1462 471 1524 sit
508 1461 672 1525 modicum
703 1466 834 1547 tempus
871 1468 1046 1547 postquam
1083 1462 1170 1527 faeta
1208 1469 1265 1529 est.
1321 1465 1366 1530 Et

312 1567 392 1626 sunt
417 1563 546 1627 circiter
571 1564 661 1629 mille
688 1564 862 1649 quingenti
885 1564 966 1627 anni
993 1564 1081 1648 quod
1097 1564 1245 1651 Vulgata
1265 1567 1367 1633 editio

312 1665 492 1749 composita
532 1664 585 1741 sit,
624 1672 658 1729 et
695 1665 824 1730 circiter
861 1665 953 1730 mille
991 1665 1079 1750 quod
1113 1666 1271 1750 quelibet
1308 1669 1368 1732 ali-

311 1787 413 1830 arum
460 1766 506 1830 Et
534 1771 668 1852 propter
696 1768 778 1831 sacti
808 1767 1072 1852 magnitudinem
1101 1790 1204 1853 usque
1242 1770 1368 1835 hodier-

311 1890 392 1933 num
422 1869 511 1934 diem
539 1874 620 1934 nota
650 1875 729 1934 sunt
757 1869 854 1934 nobis
884 1874 1041 1954 tempora,
1078 1876 1112 1934 et
1138 1892 1239 1957 prope
1264 1873 1367 1938 nomi-

310 1977 434 2035 nantur
472 1972 602 2055 quando
640 1974 675 2036 et
712 1993 733 2034 a
769 1971 890 2056 quibus
927 1977 1007 2036 sunt
1044 1973 1140 2038 factae
1177 1973 1367 2058 hujusmodi

310 2073 553 2152 translationes,
579 2073 665 2137 sicut
690 2072 835 2136 historia
862 2073 1022 2138 solemnes
1058 2078 1093 2139 et
1116 2076 1222 2139 sancti
1248 2077 1366 2142 docent

312 2175 548 2259 multipliciter.
595 2173 641 2237 Et
666 2173 794 2238 adhoc
819 2175 908 2258 quod
934 2175 1112 2261 composita
1137 2176 1212 2263 plus
1241 2178 1367 2244 habent

312 2277 352 2341 de
383 2298 451 2340 osse
489 2280 524 2340 et
559 2275 743 2340 bonitatem
783 2298 881 2360 quam
906 2299 966 2341 sua
991 2277 1160 2363 simplicia.
1216 2279 1262 2345 Et
1291 2281 1365 2346 ideo

309 2379 337 2442 si
376 2400 418 2442 ex
455 2376 656 2463 simplicibus
693 2377 964 2443 translationibus
1001 2400 1068 2444 non
1105 2381 1264 2446 veraciter
1301 2382 1366 2449 fuit

310 2480 517 2560 translatum,
556 2486 642 2545 esset
678 2501 746 2544 una
791 2480 892 2546 editio
938 2482 1117 2567 composito
1161 2483 1364 2550 falsitatibus

310 2584 481 2668 utriusque
529 2582 684 2669 simplicis
730 2582 964 2660 translationis,
1011 2605 1158 2650 resecans
1196 2587 1364 2653 celebriori

310 2687 466 2751 memoria
503 2686 563 2750 hoc
600 2685 833 2771 compositione
873 2686 973 2771 digna
1010 2692 1095 2752 esset
1125 2689 1214 2774 quod
1253 2690 1364 2775 aliqua

309 2788 505 2875 simplicium
543 2788 716 2853 translatio
755 2793 790 2853 et
831 2789 937 2874 magis
975 2788 1113 2853 sciretur
1148 2792 1257 2874 quoad
1294 2792 1363 2875 ejus

307 2896 437 2977 tempus
471 2895 505 2955 et
535 2896 688 2955 auctores.
734 2890 943 2976 Quapropter
973 2889 1029 2953 ille
1064 2890 1122 2973 qui
1159 2911 1231 2955 eam
1265 2893 1364 2977 fingit

307 2995 392 3078 petit
422 2992 627 3078 principium,
663 2998 697 3057 et
726 2992 883 3077 supponit
917 2989 1007 3075 quod
1044 2992 1182 3077 probare
1220 2992 1362 3058 deberet.

308 3096 353 3161 Et
383 3095 457 3160 ideo
487 3116 556 3159 non
590 3097 640 3157 est
668 3092 857 3176 hujusmodi
889 3093 1053 3156 sententia
1085 3093 1279 3177 recipienda,
1306 3097 1362 3160 sed

307 3219 382 3262 cum
404 3197 449 3261 sit
471 3196 541 3261 sine
564 3195 761 3258 auctoritate
784 3198 818 3257 et
840 3193 969 3257 ratione
991 3194 1196 3279 reprobanda
1219 3201 1276 3261 est.

353 3298 419 3362 Sed
441 3297 541 3362 tertio
564 3295 778 3382 probabiliter
801 3299 910 3380 potest
933 3295 1020 3382 eligi,
1044 3300 1079 3360 et
1103 3296 1266 3363 solutione
1290 3299 1361 3385 dig-

308 3423 397 3476 num,
424 3399 513 3484 quod
542 3399 658 3462 beatus
689 3397 914 3483 Hieronymus
948 3397 985 3461 in
1019 3399 1235 3487 originalibus
1263 3424 1361 3488 super

306 3506 439 3568 textum
476 3500 572 3586 ponit
599 3500 700 3564 aliam
733 3500 874 3578 literam,
908 3521 1007 3585 quam
1041 3523 1101 3567 nos
1133 3502 1292 3569 babemus
1323 3506 1359 3569 in

307 3604 426 3670 Bibliis
448 3603 596 3687 antiquis
619 3608 653 3667 et
674 3602 778 3667 novis.
825 3602 871 3666 Et
893 3600 966 3666 ideo
989 3603 1089 3668 aliam
1111 3607 1358 3671 translationem

306 3707 458 3774 edisserit
474 3711 507 3770 et
530 3705 669 3790 exponit
686 3705 789 3790 juxta
812 3703 1012 3770 Hebrai'eam
1034 3706 1222 3782 veritatem,
1238 3713 1360 3794 praeter

306 3811 368 3876 hoc
391 3809 480 3896 quod
501 3808 600 3872 simul
622 3812 725 3893 ponat
747 3807 998 3871 translationem
1027 3807 1256 3894 Septuaginta,
1280 3832 1358 3895 qua-

305 3920 401 3978 tenus
432 3910 586 3976 videatur
620 3909 762 3995 qualiter
799 3908 903 3974 editio
941 3908 1162 3996 Septuaginta
1196 3911 1358 3977 discordet

305 4017 348 4080 ab
378 4015 543 4080 Hebra'r'ea
576 4012 726 4089 veritate,
762 4011 945 4098 adjungens
979 4016 1092 4077 autem
1122 4014 1357 4081 translationes

304 4118 452 4197 aliorum,
471 4122 511 4181 ut
533 4116 637 4203 magis
659 4115 819 4180 elucescat
841 4114 966 4180 veritas
990 4114 1156 4181 Hebralca
1177 4138 1277 4202 quam
1300 4140 1356 4182 ex-

305 4221 407 4307 ponit.
454 4220 509 4284 Ex
542 4240 607 4305 quo
629 4218 762 4283 videtur
790 4218 878 4302 quod
909 4239 984 4282 cum
1008 4217 1233 4305 Hieronymus
1262 4242 1355 4286 suam

305 4323 353 4387 ibi
391 4325 536 4407 exponat
572 4320 832 4398 translationem,
873 4342 946 4406 quae
977 4341 1046 4385 non
1078 4327 1128 4387 est
1161 4323 1219 4387 illa
1256 4346 1355 4410 quam

304 4430 453 4489 tenemus
476 4425 513 4488 in
536 4423 662 4503 Bibliis,
686 4423 720 4487 id
745 4429 795 4487 est
817 4423 906 4508 quod
928 4422 987 4487 illa
1009 4423 1112 4489 editio
1143 4448 1207 4511 qua
1229 4428 1356 4492 utimur

304 4548 372 4591 non
395 4531 446 4591 est
469 4525 689 4611 Hieronymi;
720 4525 777 4590 sed
804 4529 844 4590 ut
866 4524 1026 4591 habeatur·
1049 4527 1103 4592 vel
1124 4529 1236 4616 aliqua
1269 4553 1355 4596 com-

304 4629 429 4715 pilatio,
465 4629 520 4695 vel
551 4628 617 4695 alia
651 4626 834 4709 translatio,
867 4649 1070 4717 quaecunque
1100 4630 1146 4697 sit
1177 4632 1242 4698 illa
1300 4633 1355 4699 Ad
