3586 5640
322 765 435 852 xum]
718 782 805 832 orus
827 783 987 834 murrum
1313 773 1371 836 161

318 973 388 1038 pus,
414 951 488 1018 aut¹
514 954 600 1019 siout
623 976 699 1040 pars
725 955 760 1019 in
788 960 869 1031 toto,
896 961 957 1020 aut
983 956 1069 1021 sicut
1097 960 1206 1021 totum
1230 956 1374 1021 divisum

315 1077 336 1118 a
369 1059 448 1121 toto.
496 1054 563 1120 Sed
596 1056 790 1122 alimentum
825 1059 916 1123 intra
950 1063 1076 1144 partem
1109 1059 1272 1123 nutritam
1306 1082 1372 1125 non

316 1161 427 1242 potest
459 1179 528 1222 esse
560 1162 669 1224 totum
703 1159 847 1225 divisum
877 1182 898 1224 a
929 1165 1000 1226 toto
1028 1161 1063 1225 in
1091 1160 1372 1240 dimensionibus;

315 1260 394 1344 quia
422 1265 504 1326 tuno
533 1266 641 1326 essent
674 1262 770 1348 plura
799 1284 933 1349 oorpora
965 1262 1071 1328 simul.
1118 1263 1189 1328 Neo
1212 1269 1263 1328 est
1286 1263 1371 1328 siout

315 1384 390 1448 pars
421 1364 529 1428 earnis
561 1364 679 1450 aliqua,
704 1365 783 1450 quia
805 1371 885 1431 tuno
915 1365 1047 1430 residua
1076 1387 1143 1430 non
1175 1371 1369 1451 angmenta-

314 1469 428 1544 retur;
451 1472 486 1531 at
509 1465 588 1550 quia
608 1467 715 1532 adhue
737 1488 805 1532 non
828 1473 878 1532 est
899 1467 1093 1533 alimentum
1117 1489 1310 1533 conversum
1333 1469 1368 1532 in

314 1588 451 1633 oaruem.
499 1567 586 1655 Ergo
609 1590 676 1633 non
699 1574 749 1634 est
771 1570 877 1634 simile
901 1568 942 1635 de
964 1592 1085 1656 vapore
1109 1576 1144 1636 et
1167 1570 1333 1636 alimento.

362 1670 498 1752 Iterum,
524 1672 609 1737 siout
631 1693 734 1758 vapor
764 1669 804 1737 fit
834 1670 1023 1759 corporeus²
1045 1673 1081 1737 in
1112 1673 1215 1751 exitu,
1239 1674 1285 1738 sio
1310 1674 1370 1738 ali-

315 1778 464 1839 mentum
496 1775 536 1840 fit
566 1776 790 1862 inoorporeum
824 1777 859 1840 in
897 1777 1066 1864 ingressu3
1100 1776 1158 1841 sed
1191 1798 1295 1862 vapor
1328 1779 1368 1843 fit

314 1874 409 1941 vere³
432 1899 548 1965 eorpus
578 1877 615 1943 in
643 1879 747 1956 exitu,
779 1882 857 1965 ergo
887 1877 1084 1944 alimentum
1121 1879 1162 1944 fit
1192 1901 1270 1945 vere
1301 1901 1368 1945 non

313 2000 429 2066 eorpus
451 1980 487 2045 in
509 1981 672 2062 introitu3
705 1985 739 2047 et
762 1982 812 2048 ita
834 1982 930 2048 fieret
953 1980 1141 2047 substantia
1163 1981 1347 2068 spiritualis
1359 2008 1367 2064 ;

313 2082 400 2167 quod
424 2088 474 2148 ast
497 2082 686 2150 absurdum.
825 2153 827 2156 ,

357 2183 403 2249 nt
425 2185 498 2250 uso
524 2190 575 2251 aa
597 2186 663 2251 ans
692 2185 814 2273 positio
836 2185 961 2251 famosa
987 2190 1022 2251 a
1048 2186 1191 2252 hominis
1221 2164 1523 2274 emanatura.

310 2287 384 2352 simi
408 2288 443 2352 in
465 2288 692 2355 naturalibus:
725 2289 857 2364 soilioet,
889 2289 978 2373 quod
1004 2288 1200 2354 alimentum
1224 2311 1292 2354 non
1315 2292 1365 2355 in·
1379 2265 1536 2393 ffissm

311 2395 379 2455 trat
401 2412 517 2477 eorpus
540 2390 718 2457 secundum
742 2413 835 2456 suam
860 2392 1088 2468 substantiam,
1104 2391 1161 2457 sed
1185 2393 1364 2458 seeundum
1378 2395 1490 2447 tharsu-

310 2514 403 2558 suam
429 2495 577 2580 speciem,
601 2495 704 2560 etsie
730 2495 840 2560 nutrit
866 2500 901 2559 et
927 2498 1122 2581 augmentat
1144 2517 1280 2582 eorpus;
1306 2497 1364 2562 sed
1377 2471 1509 2593 fflffi?

309 2595 370 2660 hoo
400 2596 534 2661 omnino
564 2596 682 2662 falsum
709 2603 767 2663 est.
829 2596 917 2662 Nam
942 2597 1136 2663 Aristoteles
1159 2598 1241 2663 dieit
1264 2600 1361 2684 quod,
1375 2596 1505 2711 2⁰⁶5&OE
1573 2675 1576 2681 .

311 2699 389 2783 quia
411 2698 604 2765 alimentum
628 2705 679 2765 est
699 2700 735 2764 in
758 2701 908 2786 potentia
930 2720 1005 2766 earo
1028 2705 1062 2765 et
1085 2722 1129 2778 os,
1147 2699 1220 2766 ideo
1242 2702 1360 2778 nutrit,
1375 2667 1523 2781 ,tliffl'

311 2807 346 2865 et
361 2800 460 2866 debet
480 2803 643 2888 eorrumpi
664 2802 844 2868 seeundum
864 2801 1037 2868 naturam⁴
1053 2823 1147 2866 suam
1168 2803 1359 2888 specificam,
1375 2795 1519 2861 inspectes.

309 2909 348 2968 ut
386 2908 598 2970 oonvertatru
629 2905 664 2969 in
698 2925 829 2970 earnem
857 2910 892 2969 et
927 2926 971 2979 os,
1000 2909 1035 2968 et
1057 2904 1106 2968 ita
1132 2904 1301 2989 digeritur,
1327 2917 1361 2969 at

309 3005 474 3087 alteratur,
491 3012 525 3072 et
548 3008 792 3073 transmutatur
814 3029 835 3072 a
854 3007 961 3072 forma
983 3027 1042 3072 sua
1064 3006 1235 3092 specifica3
1258 3014 1297 3071 ut
1319 3007 1360 3070 de

308 3129 393 3195 pane
417 3115 451 3175 et
473 3109 552 3175 vino
575 3131 650 3176 oum
672 3109 760 3175 fiunt
789 3110 923 3197 sanguis
950 3114 984 3175 et
1008 3109 1117 3174 ueteri
1140 3109 1302 3187 humores,
1326 3115 1361 3174 et

307 3232 382 3276 oum
404 3212 491 3277 fiunt
513 3233 632 3290 semen,
649 3213 738 3299 quod
760 3218 811 3277 est
834 3216 954 3298 quarta
976 3210 1158 3298 digestione
1181 3211 1358 3289 decoctum,

308 3315 395 3398 quod
434 3320 484 3380 est
514 3315 757 3380 nutrimentum
792 3314 1009 3379 substantiale
1040 3313 1283 3394 membrorum3
1321 3320 1361 3379 ut

307 3416 388 3482 dicit
424 3417 604 3497 Avioenna‚
627 3418 728 3482 tertio
751 3417 791 3482 de
814 3416 1033 3483 Animalibus.
1090 3417 1135 3482 Et
1157 3423 1282 3482 eertum
1310 3423 1361 3482 est

307 3518 376 3584 boo.
449 3519 534 3585 Oum
566 3518 670 3606 igitur
701 3541 802 3606 agens
835 3541 903 3585 non
925 3525 976 3584 est
1006 3520 1042 3584 in
1072 3519 1223 3605 potentia
1245 3521 1302 3583 sed
1325 3520 1359 3582 in

307 3626 392 3699 actu,
425 3627 460 3686 et
492 3643 558 3686 non
596 3622 817 3708 corrumpitur
843 3622 900 3686 sed
927 3622 1107 3708 corrumpit
1140 3621 1194 3684 vel
1224 3631 1359 3706 generat

307 3745 365 3809 per
403 3745 496 3788 suam
535 3724 684 3811 speciem,
723 3723 936 3789 manifestum
967 3724 1127 3808 estquod
1165 3722 1358 3786 alimentum

305 3848 372 3891 non
404 3827 475 3913 agit
497 3826 550 3892 hio
573 3849 631 3913 per
662 3828 801 3914 speeiem
836 3847 938 3905 suam,
970 3825 1028 3890 sed
1060 3824 1188 3910 patitur
1210 3846 1231 3888 a
1253 3824 1357 3908 speeie

304 3928 411 3994 earnis
433 3929 599 4009 auimatae,
623 3935 657 3995 et
680 3931 768 4009 ossis,
791 3935 825 3994 et
848 3929 975 4005 animae,
992 3933 1027 3994 et
1050 3926 1165 3992 caloris
1187 3926 1355 3989 naturalis.

349 4031 486 4113 Iterum,
503 4033 626 4120 species
649 4039 699 4098 est
722 4032 839 4096 similis
870 4032 990 4117 agenti,
1015 4029 1050 4094 in
1075 4035 1194 4093 natura
1221 4032 1255 4092 et
1278 4028 1356 4092 defi·

305 4134 440 4214 uitione,
464 4141 504 4200 ut
536 4136 675 4222 probavi
705 4135 741 4199 in
763 4139 909 4199 tractatu
940 4133 1080 4219 speciali,
1112 4152 1208 4216 quem
1238 4136 1357 4196 vestrre

305 4235 417 4322 gloriae
440 4238 522 4303 misi.
570 4238 658 4325 Ergo
682 4237 876 4302 alimentum
892 4234 990 4301 saciet
1005 4235 1041 4299 in
1061 4256 1157 4300 earne
1181 4233 1358 4300 nutrienda

837 4446 889 4451 ...μ
898 4446 904 4451 .
915 4446 946 4451 „....
956 4441 1246 4450 ,a--..--.---.-—·.-
1259 4445 1268 4448 .
1289 4444 1315 4449 ...a

338 4536 343 4565 ¹
362 4535 419 4601 nul]
438 4541 560 4600 autergo,
577 4534 608 4585 Τ.
892 4532 980 4598 'oere]
1000 4531 1058 4594 sere,
1076 4530 1121 4592 Iar
1138 4546 1233 4591 verum,
1250 4531 1290 4591 Τ.,
1308 4533 1356 4582 and

858 4629 886 4664 so
896 4613 984 4663 below.

337 4694 499 4761 ²corporenr]
518 4709 673 4760 corporeum,
691 4694 721 4745 T.
735 4695 764 4745 L.
891 4690 1037 4756 ⁴ruituram]
1056 4689 1195 4751 materiam,
1211 4689 1240 4738 L.

397 4799 473 4848 vot.
498 4801 520 4848 1.
1203 4794 1224 4841 L
