3586 5640
436 784 501 851 240
808 800 935 850 rosam
958 798 1103 849 asconis
1399 781 1486 873 [car.

435 998 571 1064 sequens
594 977 693 1041 dictio
704 975 761 1073 =sit
783 975 998 1061 dissyllabioa,
1017 980 1054 1040 ut
1076 974 1200 1040 Dauid
1208 977 1308 1060 reaia
1346 977 1392 1042 Et
1405 976 1487 1042 hoe¹

433 1081 552 1145 iterum
576 1080 796 1155 confirmatur,
813 1078 892 1163 quia
907 1077 1036 1163 syllaba
1057 1078 1254 1143 naturaliter
1275 1080 1385 1164 gravis
1405 1103 1488 1166 prae·

433 1183 548 1248 cedens
586 1202 722 1268 gravem
756 1182 792 1245 in
836 1186 967 1246 acutam
998 1181 1152 1257 vertitur,
1176 1185 1216 1244 ut
1248 1179 1343 1247 dicit
1374 1180 1487 1247 Jacob.

434 1284 564 1350 Ultima
586 1283 684 1368 hujus
707 1281 860 1349 diationis
884 1281 978 1348 dixit
1001 1287 1051 1348 est
1082 1283 1202 1369 gravis,
1226 1284 1407 1349 secundum
1439 1307 1488 1349 se-

433 1388 574 1453 cundam
597 1385 753 1472 regulam,
787 1383 844 1449 sed
875 1385 1015 1462 acuitur,
1038 1385 1117 1470 quia
1150 1387 1257 1471 prima
1291 1386 1389 1471 hujus
1421 1387 1487 1451 dio

433 1489 535 1554 tionis
573 1487 746 1553 Hebraleae
779 1485 885 1552 Jacob
921 1492 1102 1574 gravatum
1140 1509 1219 1554 nam
1257 1487 1379 1553 ultima
1415 1488 1487 1574 ejus

435 1592 572 1657 aeuitur.

480 1693 524 1758 Et
562 1693 662 1758 tertio
699 1692 911 1757 confirmatur
947 1690 1008 1756 hoc
1045 1711 1104 1777 per
1138 1690 1291 1772 Graecos;
1325 1713 1403 1757 nam
1437 1695 1486 1758 its

434 1796 561 1862 faciunt
593 1795 707 1872 Graeci,
731 1816 812 1880 quos
836 1793 948 1858 Latini
975 1793 1158 1860 imitantur.
1204 1793 1291 1859 Nam
1322 1795 1487 1860 Johannis

435 1901 549 1987 primo,
573 1897 652 1963 “Tu
675 1897 747 1983 quis
769 1894 844 1962 est”
878 1899 912 1961 et
950 1894 1058 1960 “Non
1093 1917 1164 1961 sum
1200 1917 1261 1982 ego
1292 1895 1486 1962 Christus:”

436 2001 489 2067 hie
528 2000 580 2067 Ta
619 2004 654 2065 et
684 1994 766 2065 Noa
780 2013 782 2017 ·
797 1998 976 2064 secundum
1011 1996 1141 2063 Gnaeos
1177 2002 1366 2085 gravantur,
1405 2001 1485 2084 qnia
1546 2007 1549 2012 ’

435 2103 515 2191 qais
536 2107 571 2168 et
592 2123 671 2168 sum
693 2100 928 2186 monosyllabae
950 2099 1106 2166 acuendae
1128 2104 1317 2186 sequuntur.

481 2204 527 2270 Et
549 2205 701 2270 similiter
722 2204 834 2289 gravis
857 2203 893 2267 in
914 2206 1047 2268 acutum
1069 2203 1215 2267 vertitur
1245 2203 1334 2289 apud
1359 2224 1423 2279 cos,
1446 2208 1486 2271 nt

434 2315 527 2398 patet
549 2311 585 2374 in
607 2307 808 2383 dictionibus
841 2305 1101 2393 praecedentibus
1127 2311 1237 2393 partes
1266 2328 1341 2392 quoe
1362 2307 1487 2376 habent

435 2413 503 2478 vim
537 2406 695 2488 enclesis}
725 2413 765 2474 ut
797 2406 910 2484 δι’δικᾶς
932 2406 1006 2490 μοι’
1040 2408 1097 2473 ie.
1121 2407 1249 2474 dedisti
1279 2409 1379 2475 miti.
1423 2410 1486 2476 Ul-

435 2514 518 2578 tima
541 2511 637 2595 hujus
660 2509 814 2576 dictionis
838 2509 974 2584 titoaaa‘
997 2514 1048 2575 est
1070 2511 1182 2597 gravis
1204 2513 1412 2593 naturaliter,
1427 2515 1485 2580 sed

434 2615 563 2680 acuitur
614 2617 748 2700 propter
800 2610 984 2676 encliticam
1030 2611 1229 2692 dictionem3
1275 2615 1353 2699 quia
1397 2617 1486 2703 apud

435 2716 564 2782 Graecos
587 2716 648 2780 hoe
670 2734 849 2802 pronomen
871 2708 936 2796 μοιὅ
951 2718 1002 2779 est
1024 2714 1220 2779 encliticam.
1244 2714 1290 2779 Et
1311 2715 1373 2781 hoc
1390 2717 1486 2783 docet

435 2817 619 2885 Priscianus
641 2817 677 2883 in
699 2816 783 2882 libro
806 2816 848 2881 de
872 2813 1077 2881 Pronomine.
1124 2816 1214 2880 Nam
1237 2817 1388 2903 quaedam
1413 2842 1486 2906 pro-

434 2922 569 2988 nomina
600 2917 714 2987 Graeoa
745 2922 824 2986 sunt
855 2917 1014 2995 absoluta,
1047 2921 1083 2983 et
1115 2918 1172 2982 illa
1204 2925 1282 2985 sunt
1314 2921 1486 3003 enclitics3

434 3024 584 3112 quadam
607 3022 796 3111 respectiva,
821 3025 855 3088 et
877 3019 935 3086 illa
956 3041 1023 3086 non
1046 3025 1124 3086 sunt
1146 3020 1235 3086 talia

480 3127 533 3191 Ex
566 3126 616 3190 his
650 3125 798 3211 sequitur
828 3123 915 3209 quod
946 3122 974 3188 si
1007 3122 1236 3207 monosyllaba
1266 3124 1364 3189 aliam
1402 3148 1484 3213 praa

434 3228 538 3307 cedat,
576 3227 684 3315 prima
714 3226 754 3291 de
786 3225 863 3310 jure
886 3229 1052 3311 gravatur,
1092 3229 1131 3289 ut
1170 3225 1288 3311 “apud
1321 3231 1356 3291 ts
1389 3232 1440 3292 est
1457 3228 1486 3307 ;”

434 3329 587 3395 similiter
610 3334 673 3393 “et
696 3327 783 3392 faeta
806 3331 856 3391 est
879 3325 966 3391 lux.''
993 3325 1059 3391 Hie
1081 3333 1110 3393 te
1131 3337 1299 3414 gravatur,
1315 3331 1393 3414 quia
1414 3330 1486 3396 haec

435 3432 535 3498 dictio
573 3437 619 3496 eet
653 3433 750 3494 acuta
784 3427 939 3512 sequitur.
987 3427 1156 3507 Similiter,
1188 3430 1225 3493 in
1256 3430 1397 3497 secundo
1428 3453 1484 3499 ex-

436 3532 542 3620 emplo
565 3538 611 3597 est
633 3539 800 3617 gravium,
824 3528 902 3614 quia
924 3527 985 3594 lua
1007 3530 1155 3596 acuenda
1177 3531 1331 3617 sequitur.

481 3634 545 3700 Sed
583 3639 698 3698 contra
734 3631 804 3697 haec
842 3630 985 3718 insurgit
1022 3632 1147 3697 famosa
1184 3634 1294 3720 opinio
1331 3640 1366 3699 et
1408 3658 1486 3701 usus

436 3738 594 3815 solemnis,
619 3735 763 3800 Parisius
786 3732 837 3800 ει6
860 3733 949 3810 alibi,
973 3734 1152 3799 multorum
1176 3736 1413 3802 modernorum.
1437 3739 1486 3802 di-

437 3840 581 3907 centium
604 3836 691 3924 quod
715 3836 792 3901 solas
818 3835 1052 3922 monosyllabas
1085 3836 1332 3903 indeclinabiles
1354 3844 1486 3904 mutan-

436 3948 507 4024 tur;
529 3939 738 4006 declinabiles
754 3960 831 4004 vero
855 3960 922 4003 non
946 3942 1080 4003 mutant
1097 3943 1267 4005 accentum
1291 3942 1483 4006 naturalem.

437 4046 482 4112 Et
503 4044 576 4111 ideo
599 4064 673 4108 cum
696 4041 817 4107 dicitur
848 4041 883 4105 in
906 4041 971 4105 fine
995 4062 1107 4106 versus
1142 4042 1231 4127 “qui
1260 4041 1340 4120 ait,’'
1370 4042 1485 4108 dicunt

437 4149 524 4239 quod
546 4145 609 4236 qut
630 4144 767 4222 acuitur,
802 4149 837 4209 et
870 4164 937 4208 non
970 4148 1152 4230 gravatur3
1189 4147 1225 4208 et
1255 4144 1301 4209 sie
1332 4144 1373 4208 de
1394 4144 1484 4208 aliis⁷

473 4399 548 4468 sm]
567 4413 616 4450 om,
627 4395 657 4447 Τ,
1020 4389 1149 4456 ‘tltoxch
1169 4390 1278 4442 Writtsn
1297 4393 1324 4442 in
1342 4392 1439 4445 Roman
1456 4393 1484 4444 in

987 4468 1091 4614 Tlliaa]
1105 4549 1149 4611 mi,
1161 4549 1192 4599 Β.
1206 4550 1245 4610 Τ.,
1256 4558 1281 4601 et
1292 4565 1374 4617 supra.

480 4637 590 4690 ema,
599 4633 649 4701 pa]
666 4630 775 4683 Written
791 4627 819 4676 in
836 4625 934 4676 Roman
1019 4629 1075 4694 ἐι]
1095 4644 1143 4678 om.
1158 4628 1189 4678 B.

452 4720 520 4776 ῃ,
530 4720 562 4773 Β,
1018 4707 1109 4778 'alim
1128 4710 1229 4764 mans:
1247 4727 1296 4763 om.
1307 4713 1338 4762 T.

476 4516 606 4584 ἐποιοῦ]
625 4511 730 4572 caelicis,
742 4509 773 4560 B.
