3586 5640
307 779 391 865 xrs]
696 794 783 844 orus
805 794 966 847 rrnmurr.
1295 784 1359 848 143

306 977 443 1048 motum,
467 973 502 1033 ct
524 968 599 1033 ideo
622 989 689 1033 non
712 974 907 1033 numeratur
928 990 985 1054 per
1007 991 1087 1034 eam.
1143 971 1209 1037 Sed
1232 974 1361 1058 oportet
1373 977 1471 1029 Mation

304 1074 351 1138 sic
373 1072 461 1150 dici;
485 1092 581 1135 omne
604 1070 881 1136 dimensionatum
904 1093 925 1135 a
947 1077 1040 1157 parte
1062 1093 1108 1149 ea,
1132 1094 1198 1159 qua
1219 1094 1287 1138 non
1310 1045 1504 1164 estffif‘m

304 1175 592 1251 dimensionatum,
624 1173 823 1258 compatitur
860 1194 969 1239 secum
1006 1173 1105 1239 aliud
1164 1174 1215 1240 Ut
1251 1176 1360 1262 plures

304 1277 491 1363 superficies
513 1280 651 1361 possunt
672 1275 771 1339 simul
793 1296 863 1340 esse
893 1275 1072 1341 secundum
1095 1277 1304 1363 profundum,
1327 1283 1361 1344 et

303 1381 414 1466 plures
445 1379 541 1443 lincae
573 1378 752 1443 secundum
783 1377 889 1442 latum
919 1383 954 1443 et
976 1378 1183 1464 profundum,
1207 1386 1242 1446 et
1265 1381 1361 1466 plura

304 1488 429 1569 puncta
462 1481 640 1546 secundum
674 1501 805 1545 omnem
836 1480 1082 1546 dimensionem.
1131 1480 1197 1549 Sed
1228 1504 1363 1569 corpore

305 1584 401 1671 plura
415 1605 491 1658 non,
508 1582 587 1667 quia
608 1582 755 1666 undique
777 1582 904 1647 habent
925 1582 1163 1649 dimensionem
1186 1607 1245 1671 per
1260 1607 1361 1670 quam

305 1686 474 1772 quodlibet
505 1684 654 1750 excludit
686 1683 784 1748 aliud.
832 1682 944 1748 Motus
975 1690 1087 1750 autem
1119 1688 1226 1751 omnis
1258 1685 1362 1753 habet

304 1788 542 1853 dimensionem
574 1786 675 1850 solam
707 1786 874 1862 linearem,
906 1787 1084 1852 secundum
1117 1787 1361 1874 longitudinem

305 1891 425 1976 spatii;
448 1895 483 1954 et
504 1889 566 1953 hoc
588 1910 647 1974 per
669 1888 840 1953 decursum
863 1909 884 1952 a
906 1889 1006 1973 priori
1029 1889 1065 1954 in
1087 1889 1260 1975 posteriue,
1285 1895 1321 1956 et
1342 1913 1364 1957 a

304 1992 472 2079 praeterito
493 1992 529 2055 in
552 1990 708 2055 futurum.
766 1990 855 2076 Ergo
877 1992 1057 2056 secundum
1080 1993 1359 2077 comparationem

304 2095 346 2159 ad
369 2114 512 2181 prmsons
535 2115 601 2158 non
624 2091 777 2158 excludet
800 2114 886 2158 unus
909 2091 1030 2157 olium¹
1104 2093 1193 2180 Ergo
1215 2117 1289 2160 cum
1313 2096 1359 2161 sic

305 2197 414 2284 plures
448 2201 585 2283 possunt
619 2217 696 2273 csse,
733 2201 768 2259 et
801 2217 867 2280 quo
899 2196 1028 2260 ratione
1061 2196 1136 2272 duo,
1160 2202 1195 2262 et
1227 2203 1302 2276 tres,
1327 2204 1362 2264 ct

304 2305 454 2385 quatuor,
476 2304 511 2363 et
533 2297 667 2374 infiniti,
684 2302 815 2383 oportet
836 2298 925 2383 quod
948 2319 1051 2362 unum
1074 2304 1204 2384 tempus
1223 2321 1360 2367 numero

305 2423 447 2488 praesens
480 2400 524 2465 sit
559 2400 707 2465 omnium
740 2400 840 2464 simul
872 2400 1086 2464 existentium
1109 2407 1267 2468 motuum
1314 2402 1360 2468 Et

305 2504 333 2567 si
371 2504 500 2568 dicatru
533 2503 622 2587 quod
660 2501 810 2567 accidens
847 2508 1040 2568 numeratur
1077 2525 1097 2568 a
1133 2506 1361 2573 numeratione

305 2605 451 2690 subjecti,
488 2626 565 2691 ergo
599 2610 729 2690 tempus
759 2606 987 2670 numerabitur
1024 2607 1203 2672 secundum
1243 2629 1357 2675 numo·

305 2709 467 2773 rationem
504 2712 664 2782 motuum,
704 2706 878 2772 dicendum
916 2713 975 2787 est,
1015 2710 1102 2793 quod
1140 2716 1189 2775 est
1227 2711 1359 2797 aliquod

305 2809 455 2876 accidens
489 2809 577 2894 quod
607 2809 746 2874 debetur
776 2809 941 2894 aliquibus
971 2832 1029 2896 pcr
1058 2812 1193 2876 modum
1223 2813 1359 2878 diversi-

304 2912 393 2988 tatis,
417 2916 453 2987 et
476 2910 657 2987 divisionis,
682 2914 717 2975 et
739 2910 969 2990 distinctionis,
992 2912 1029 2974 in
1051 2919 1213 2996 quantum
1236 2914 1360 2980 scilicet

306 3014 437 3079 diversa
462 3016 549 3089 sunt,
574 3018 609 3078 et
640 3013 805 3089 distincta,
830 3017 864 3076 et
898 3013 1025 3088 divisa;
1048 3019 1083 3077 et
1113 3013 1179 3078 tale
1212 3015 1361 3081 accidens

306 3120 500 3180 numeratur
534 3136 555 3178 a
589 3115 819 3179 numeratione
853 3135 964 3179 rerum
997 3115 1035 3179 in
1072 3115 1191 3200 quibus
1230 3121 1288 3193 est,
1327 3124 1362 3183 et

306 3217 495 3304 hujusmodi
530 3221 581 3282 est
614 3238 710 3280 omne
744 3216 892 3281 occidam
929 3222 1050 3303 praeter
1086 3218 1174 3297 tria3
1219 3217 1363 3296 scilicet,2

306 3320 373 3401 ubi,
398 3325 433 3385 et
455 3326 593 3405 tempus,
619 3325 654 3384 et
675 3341 792 3384 sevum.
839 3317 928 3383 Nam
959 3318 1022 3385 obe?
1053 3325 1104 3385 est
1135 3320 1284 3386 accidens
1315 3323 1363 3389 rei

307 3423 444 3504 locatee3
483 3421 576 3488 locrw
613 3426 664 3486 est
701 3421 850 3486 accidens
887 3422 935 3488 rei
971 3422 1110 3489 locantis
1125 3421 1151 3503 ;³
1187 3429 1222 3488 et
1258 3445 1361 3490 unum

306 3525 417 3591 locans
447 3529 482 3590 et
513 3545 599 3589 unus
629 3524 719 3588 locus
749 3528 889 3610 possunt
915 3546 985 3590 esse
1011 3526 1156 3612 plurium
1179 3548 1299 3606 rerum,
1322 3532 1362 3592 ut

307 3627 515 3692 infinitarum
538 3626 782 3711 superficierum
812 3627 991 3692 secundum
1024 3627 1232 3713 profundum,
1257 3634 1291 3693 et
1312 3629 1363 3693 in-

307 3729 478 3794 finitarum
500 3728 663 3792 linearum
686 3728 864 3794 secundum
886 3729 992 3793 latum
1015 3735 1050 3794 et
1072 3730 1278 3816 profundum.
1317 3731 1363 3797 Et

309 3831 383 3896 ideo
416 3852 519 3895 unum
554 3829 617 3896 abi
643 3830 783 3896 debetur
808 3832 957 3917 pluribus
987 3831 1220 3917 superficiebus
1249 3854 1361 3898 secun·

310 3933 390 4000 dum
413 3933 625 4019 profundum,
648 3938 683 3997 et
704 3933 855 3999 similiter
877 3933 1026 4020 pluribus
1058 3934 1152 3998 lineis
1183 3935 1362 4000 secundum

306 4035 516 4122 profundum,
540 4040 575 4100 et
597 4035 774 4101 secundum
797 4036 910 4102 latum.
972 4036 1059 4117 Quia
1080 4037 1127 4102 sic
1149 4041 1228 4102 sunt
1249 4059 1361 4124 super·

306 4138 396 4202 ficies
432 4137 653 4203 indivisibiles
690 4144 726 4204 et
754 4138 957 4205 indistinctae
989 4145 1138 4205 carentes
1176 4139 1361 4221 divisione3

308 4244 343 4305 et
365 4239 440 4304 ideo
462 4239 601 4304 debetur
623 4239 670 4305 eis
692 4239 771 4306 ubi*
793 4261 852 4327 per
873 4246 1029 4306 naturam
1059 4241 1192 4308 unionis
1214 4248 1249 4309 et
1272 4243 1359 4310 indi·

308 4430 427 4436 ->-——=—
742 4425 1007 4438 ——'--————

341 4533 469 4587 'excludet
490 4554 552 4588 unus
576 4536 664 4604 olium]
700 4538 810 4590 excludit
893 4536 1029 4605 ’hanlid
1049 4541 1149 4602 locanti,
1166 4542 1195 4594 L.
1213 4543 1243 4594 B.

306 4623 403 4667 motum
420 4615 496 4677 aliud,
512 4618 542 4668 R

338 4693 461 4762 herlae]
479 4711 529 4747 om.
546 4695 577 4746 Τ.
895 4694 969 4765 ⁴8⁶1]
989 4711 1037 4748 om.
1055 4697 1087 4751 Τ.
