3586 5640
600 757 666 828 470
941 812 944 818 ⁴
978 767 1106 821 noemi
1129 763 1277 821 moeurs
1566 755 1660 847 [err.

599 950 695 1026 astes,
720 943 778 1031 qui
803 942 937 1032 inoipit¹
956 942 1119 1011 “Memini
1133 963 1187 1011 rue
1200 941 1263 1009 hoo
1279 941 1383 1010 ferme
1399 942 1629 1030 quinquennio
1641 943 1660 973 '¹

599 1051 769 1136 coaptavit
790 1048 1054 1115 Tbeodotionem.
1101 1045 1148 1112 Et
1178 1045 1403 1132 Hieronymus
1428 1068 1463 1113 se
1484 1047 1661 1117 interdum

601 1152 771 1239 coaptavit
793 1152 874 1230 aliia,
897 1150 957 1216 ubi
978 1171 1053 1216 oum
1076 1147 1219 1214 Hebraeo
1242 1170 1311 1215 non
1339 1150 1591 1230 oonsordabant,
1615 1157 1660 1222 ut

600 1259 694 1343 patet
730 1275 789 1341 per
820 1254 928 1341 ipsum
961 1256 1111 1318 sanetum
1135 1250 1378 1337 Hieronymum
1400 1274 1498 1340 super
1521 1253 1656 1335 Isaiam,

600 1379 697 1445 super
719 1357 784 1423 isto
806 1361 903 1422 textu
928 1355 1023 1443 [xvii.
1041 1355 1120 1441 11.],
1138 1360 1156 1390 “
1172 1354 1215 1420 In
1237 1354 1291 1421 die
1305 1355 1509 1423 haereditatis
1522 1357 1659 1443 quando

600 1465 620 1496 ‘⁴
642 1465 737 1547 pater
759 1459 821 1525 hd.
847 1457 895 1525 ³3¹
952 1457 1040 1524 Item
1062 1457 1144 1522 dioit
1169 1455 1394 1543 Hieronymus
1421 1480 1518 1546 super
1548 1460 1659 1548 primo

603 1563 700 1649 [xxii.
717 1563 773 1649 8.],
791 1559 936 1627 “Ounoti
957 1559 1120 1648 principes
1142 1559 1195 1624 tui
1217 1558 1403 1646 fugerunt,”
1426 1566 1495 1643 eta,
1513 1562 1573 1628 “in
1595 1562 1658 1631 hoo

602 1672 620 1702 “
643 1667 714 1731 looo
729 1662 949 1750 Septuaginta
963 1661 1270 1748 interpretationem
1284 1663 1417 1748 sequuti
1438 1685 1561 1743 sumus,
1577 1666 1658 1751 qnia

602 1777 620 1804 “
643 1791 715 1833 non.
733 1767 875 1832 multum
905 1765 949 1832 ab
980 1763 1144 1832 Hebraioo
1175 1763 1304 1831 daune
1332 1765 1369 1830 in
1397 1765 1525 1832 sensu.''
1572 1766 1658 1834 Haeo

601 1871 649 1935 ibi
672 1870 905 1955 Hieronymus
950 1867 997 1933 Et
1023 1867 1202 1953 aliquando
1224 1867 1358 1952 Aquila
1387 1873 1423 1935 et
1452 1869 1534 1934 alias
1557 1869 1659 1956 Sym·

600 1973 716 2039 maoho
739 1978 774 2038 et
796 1972 917 2059 pluries
933 1969 1035 2035 LXX.
1059 1969 1336 2048 translationibus,
1360 1969 1420 2036 ubi
1442 1971 1566 2038 seilioet
1587 1993 1658 2038 non

600 2077 736 2141 fuerunt
758 2075 912 2141 eontrarii
936 2073 1100 2152 Hebrte03
1123 2073 1202 2158 quia
1223 2072 1405 2138 vooabatur
1436 2073 1587 2140 itherius
1620 2079 1658 2140 et

601 2183 772 2265 oormptor
795 2178 1038 2265 Soripturarnm
1060 2175 1104 2248 ob
1126 2175 1187 2240 hoo
1202 2176 1290 2261 quod
1304 2176 1519 2263 attemptavit
1532 2199 1657 2244 novam

601 2280 850 2349 translationem
873 2279 1002 2345 Latinis
1024 2277 1159 2344 auribus
1180 2278 1349 2346 inculeare
1397 2278 1538 2365 Exque
1556 2301 1658 2346 eausa

601 2382 729 2448 dimisit
750 2387 885 2469 propter
912 2403 1023 2469 paoem
1056 2379 1227 2448 dootonrm
1258 2381 1399 2447 eoolesite
1432 2382 1539 2447 multa
1572 2382 1658 2448 falsa

600 2489 694 2563 stare,
726 2489 766 2549 ut
803 2485 943 2550 fuerant.
1004 2484 1099 2554 Siout
1135 2488 1187 2549 est
1223 2483 1307 2549 illud
1350 2489 1468 2570 quarto
1510 2485 1657 2572 capitulo

601 2590 712 2674 spuria
748 2585 947 2651 vitulamina
983 2608 1051 2652 non
1086 2585 1216 2652 dabunt
1251 2586 1376 2652 radioea
1398 2584 1505 2653 altas8
1550 2586 1657 2672 Orrjus

602 2689 781 2754 falsitatem
805 2688 951 2754 ostendit
972 2688 1090 2754 beatus
1112 2688 1321 2775 Augustinus
1336 2689 1478 2756 seeundo
1500 2688 1552 2755 De
1567 2688 1655 2755 Doe-

602 2791 692 2857 trina
715 2791 912 2858 Christiana
959 2791 1005 2856 Et
1038 2791 1104 2859 elia
1129 2813 1213 2879 pene
1245 2792 1387 2871 infinita
1410 2797 1451 2858 nt
1472 2793 1583 2858 sciunt
1604 2792 1657 2857 illi

471 2953 473 2956 ,
603 2896 660 2981 qni
684 2901 762 2961 sunt
784 2895 915 2961 solliciti
938 2893 974 2959 in
997 2894 1058 2960 hao
1089 2898 1192 2981 parta
1240 2892 1307 2962 Sed
1340 2900 1376 2962 et
1406 2894 1553 2982 ipsemet,
1576 2894 1658 2961 lieet

602 3003 733 3064 sanctus
748 2999 854 3077 homo,
871 3004 984 3063 tamen
999 2997 1124 3083 aliquid
1139 2996 1321 3062 humanum
1336 3020 1457 3084 passm,
1474 2998 1655 3063 confitetur

601 3102 706 3167 libera
721 3123 800 3167 vooe
823 3123 857 3167 se
872 3101 1038 3166 celeritate
1054 3099 1200 3166 diotandi
1215 3099 1336 3185 pluries
1351 3099 1523 3166 oberrasse
1563 3099 1656 3166 Nam

601 3204 727 3270 decimo
758 3225 846 3268 nono
882 3202 1025 3289 oapitulo
1050 3202 1148 3267 Isaiae
1178 3201 1261 3266 dicit
1286 3202 1323 3266 in
1348 3202 1499 3289 originali
1531 3201 1654 3287 quinto

599 3306 704 3369 libro:
753 3313 770 3343 “
783 3305 825 3369 In
864 3327 902 3369 eo
941 3304 1029 3390 quod
1066 3304 1296 3369 transtulimus
1333 3303 1579 3371 intermittam
1617 3310 1654 3371 et

600 3415 618 3443 “
642 3405 892 3473 lascivientem.
917 3429 1003 3472 .n0s
1018 3412 1129 3472 autem
1144 3407 1282 3473 verbum
1299 3407 1500 3473 Hebraieum
1509 3428 1656 3491 regmos,

600 3518 617 3544 “
642 3510 720 3575 dum
743 3508 891 3574 celeriter
913 3531 987 3594 quae
1010 3510 1130 3596 scripta
1152 3517 1230 3575 sunt
1244 3510 1412 3590 vertimus,
1436 3509 1658 3596 ambignitate

600 3621 617 3648 “
642 3612 777 3698 decepti,
795 3612 939 3676 diximus
952 3611 1220 3696 reformantem?
1267 3612 1313 3677 Et
1327 3613 1363 3676 in
1379 3613 1492 3679 eodem
1507 3612 1601 3689 libro,
1619 3619 1657 3678 et

599 3717 634 3779 in
657 3716 771 3780 eodem
806 3714 957 3800 capitulo,
983 3715 1064 3779 dicit
1086 3715 1127 3779 de
1149 3716 1214 3779 alio
1237 3716 1325 3800 quod
1359 3716 1443 3780 male
1474 3716 1657 3780 transtule-

599 3823 660 3895 rat,
687 3817 833 3881 “Melius
855 3838 928 3880 reor
943 3818 1111 3903 proprium
1131 3839 1272 3882 errorem
1295 3817 1528 3903 reprehendere
1543 3839 1656 3904 quam,

601 3929 618 3956 “
642 3921 721 3985 dum
759 3919 912 3985 erubeseo
949 3920 1149 4006 imperitiam
1188 3921 1343 3998 confiteri,
1375 3922 1410 3984 in
1444 3942 1551 3986 errore
1581 3945 1657 4009 per-

601 4032 619 4058 “
642 4023 763 4088 sistere.
812 4022 854 4086 In
886 4043 925 4087 eo
947 4044 1026 4087 vero
1062 4022 1149 4108 quod
1181 4022 1345 4099 transtuli,
1387 4023 1531 4089 ‘eterit
1562 4029 1655 4091 terra

600 4134 618 4162 “
642 4133 650 4162 ‘
672 4124 764 4191 Juda
786 4124 934 4213 AEgypto
965 4125 1001 4189 in
1027 4123 1263 4204 festivitatem,'
1293 4125 1326 4189 in
1352 4124 1496 4191 Hebraeo
1528 4125 1656 4212 legitur

600 4236 618 4264 “
641 4249 734 4314 appo,
775 4229 863 4316 quod
906 4227 1115 4314 interpretari
1159 4232 1271 4315 potest
1307 4227 1488 4316 festivitas.
1552 4228 1656 4298 Unde

634 4550 752 4619 'incipitJ
773 4559 790 4603 t.
804 4550 838 4602 iii.
852 4557 908 4603 3⁸1.
926 4555 931 4618 j
1066 4552 1072 4620 Ι
1118 4551 1217 4620 2uittas]
1236 4570 1276 4621 pp.
1291 4559 1329 4617 92,
1342 4561 1398 4607 ³44.
