3586 5640
306 799 451 887 xxxta]
548 845 552 850 -
707 813 796 868 oeus
818 815 980 868 ssauuu.
1293 804 1359 871 lus

304 987 348 1051 ad
377 992 488 1052 actum
520 986 630 1051 talem.
676 985 713 1052 Si
736 1008 815 1053 vero
837 989 926 1054 dicut
948 988 1142 1074 potentiam,
1166 1009 1239 1074 quoe
1262 988 1512 1081 redu-Noenu

304 1089 390 1153 citur
421 1088 464 1153 ad
495 1095 605 1153 actum
630 1089 796 1176 impurum
820 1095 855 1156 et
877 1091 1122 1176 incompletum,
1150 1091 1202 1155 cui
1229 1112 1356 1177 semper
1367 1069 1527 1186 {fgffiffgu

304 1196 355 1256 est
376 1191 502 1277 aliquid
525 1191 713 1256 admixtum
735 1193 777 1258 de
799 1194 950 1279 potentia
965 1193 1007 1258 ad
1024 1192 1213 1258 ulteriorem
1235 1197 1355 1272 actum,
1368 1210 1449 1281 aaa·

305 1315 380 1379 quae
402 1293 525 1358 scilicet
539 1293 585 1358 sic
600 1295 767 1359 reducitur
781 1296 824 1359 ad
847 1299 966 1374 ectum,
999 1295 1089 1379 quod
1111 1316 1237 1381 semper
1259 1269 1483 1360 refin,1>0⁵⁸¹b¹²·

306 1394 421 1481 quitur
442 1395 593 1482 potentia
615 1396 658 1460 ud
680 1395 781 1460 alium
803 1401 913 1462 actum
937 1396 1117 1474 divisionis,
1139 1396 1185 1461 sio
1207 1403 1257 1462 est
1272 1419 1358 1463 vera.

307 1496 396 1562 Nam
419 1496 489 1563 haec
511 1502 560 1562 cst
582 1497 732 1583 potentia
759 1496 916 1573 continui,
950 1497 1029 1583 quia
1050 1503 1101 1563 est
1124 1497 1289 1565 divisibile
1322 1499 1358 1564 in

306 1598 499 1678 infinitum3
532 1603 567 1664 et
589 1599 671 1676 ideo,
696 1598 724 1665 si
747 1599 847 1665 semel
869 1600 1044 1665 reducatur
1058 1600 1129 1666 haee
1143 1601 1294 1687 potentia
1315 1601 1359 1666 ad

307 1700 469 1766 actualem
493 1700 699 1781 divisionem,
731 1722 799 1766 non
833 1701 1020 1767 excluditur
1051 1707 1144 1768 actus
1166 1702 1251 1768 alius
1272 1703 1358 1768 divi·

307 1801 417 1869 sionis.
479 1801 587 1868 Immo
624 1803 804 1868 necessario
841 1803 999 1890 ponitur:
1038 1803 1117 1890 quia
1146 1825 1222 1891 pars
1252 1805 1359 1870 divisa

307 1909 417 1990 potest
447 1904 568 1971 iterum
609 1904 724 1982 dividi,
758 1925 833 1970 cum
864 1905 909 1969 sit
946 1911 1131 1991 quantum
1170 1912 1205 1972 et
1241 1907 1286 1972 sio
1324 1907 1360 1971 in

309 2006 487 2072 infinitum.
533 2007 579 2072 Et
605 2006 659 2072 hic
695 2008 783 2073 solus
810 2028 924 2073 sensus
955 2011 1007 2073 est
1038 2007 1208 2095 possibilis,
1232 2005 1283 2074 et'
1317 2031 1360 2074 ex

308 2131 347 2175 eo
368 2131 436 2175 non
457 2109 608 2196 sequitur
638 2108 858 2196 impossibile:
898 2110 977 2195 quia
998 2131 1167 2197 nunquam
1206 2116 1361 2197 sequetur

309 2211 397 2297 quod
419 2211 484 2277 erit
515 2209 635 2278 divisio
669 2211 806 2277 actualis
837 2210 1015 2298 aliquando
1037 2213 1074 2278 in
1095 2213 1207 2278 omnis
1236 2219 1360 2300 puncta

309 2315 363 2380 vel
385 2320 520 2381 atomos.

354 2416 420 2482 Sed
446 2416 647 2482 Democritei
677 2416 838 2504 objiciunt
868 2416 976 2484 adhuc
1007 2421 1120 2483 contra
1146 2418 1223 2486 haec
1269 2416 1357 2485 Nam
1372 2443 1528 2495 numm

310 2519 487 2585 secundum
519 2519 600 2585 ulios
622 2540 736 2585 sensus
774 2520 1013 2607 propositionis,
1052 2522 1209 2607 quaelibet
1245 2523 1357 2610 singu·
1370 2511 1460 2591 ΨΜ.
1501 2595 1508 2606 ,

310 2621 385 2687 luris
416 2627 467 2686 est
489 2643 577 2703 vera,
612 2643 689 2708 ergo
720 2622 919 2688 universalis
967 2622 1049 2691 Haec
1081 2625 1169 2689 enim
1200 2632 1250 2691 cst
1272 2579 1515 2708 veruiilii'dii-

310 2723 469 2790 Posaibile
492 2730 543 2790 ost
568 2745 685 2810 corpus
706 2744 776 2790 esse
799 2724 943 2790 divisum
965 2724 1002 2789 in
1032 2741 1056 2789 a
1078 2732 1200 2812 puncto
1223 2709 1518 2826 usuali-gllvfin

311 2831 371 2906 ter,
395 2833 430 2892 et
461 2825 613 2893 similiter
650 2827 685 2890 in
720 2843 741 2890 n
775 2832 898 2913 puncto
935 2827 1129 2906 actualiter3
1165 2834 1200 2893 et
1236 2830 1282 2895 sic
1319 2791 1502 2921 depii'iiia

309 2930 391 2995 aliis.
424 2929 513 3016 Ergo
546 2929 617 2996 haec
651 2935 700 2994 est
729 2951 828 2995 vera:
868 2928 1021 3016 possibile
1052 2935 1103 2994 est
1139 2952 1255 3016 corpus
1291 2910 1470 3024 essoffi'ff

310 3031 454 3098 divisum
489 3032 669 3098 secundum
701 3031 812 3096 omniu
843 3037 967 3117 puncta
1003 3030 1183 3096 actualiter.
1230 3032 1275 3097 Et
1296 3032 1512 3118 for-pausus,

310 3135 457 3201 uisatur
493 3133 563 3200 haec
601 3133 750 3219 objectio,
790 3132 868 3218 qua
906 3131 1063 3220 quelibet
1098 3133 1274 3221 unguas
1312 3106 1453 3200 euml

312 3237 482 3324 possibilis,
506 3242 542 3302 et
578 3236 664 3301 nulli
699 3235 757 3300 alii
795 3234 1074 3322 incompossibilia
1120 3235 1209 3324 Ergo
1231 3237 1362 3304 univer·

310 3339 388 3405 salis
414 3346 464 3405 est
490 3339 682 3426 simpliciter
711 3337 883 3424 possibilis,
911 3343 946 3402 et
975 3337 1099 3425 poterit
1120 3339 1229 3425 poni²
1261 3339 1364 3407 Verbi

310 3442 428 3530 gratia,
460 3439 530 3508 haec
561 3445 613 3506 est
638 3439 822 3527 possibilis:
854 3438 1003 3505 Socrates
1037 3440 1183 3527 loquitur
1207 3441 1242 3506 iu
1276 3449 1363 3522 actu,

313 3550 348 3611 ct
366 3544 422 3610 hio
437 3543 533 3610 Plato
555 3543 702 3629 loquitur
716 3541 898 3620 actualiter,
916 3546 952 3607 et
973 3542 1020 3607 sic
1040 3541 1082 3608 dc
1096 3543 1169 3609 aliis
1180 3542 1203 3622 3⁸
1225 3549 1260 3610 et
1274 3545 1366 3610 nullu

313 3646 489 3734 singularis
511 3644 593 3711 ulii⁴
615 3648 785 3731 repugnat
833 3642 921 3730 Ergo
936 3643 1008 3709 haec
1022 3644 1236 3711 universalis:
1259 3647 1366 3710 omnis

313 3748 410 3815 homo
432 3748 582 3835 loquitur
602 3746 785 3825 actualiter,
801 3749 852 3811 est
875 3745 1048 3831 possibilis,
1064 3751 1099 3812 et
1112 3752 1221 3833 potest
1236 3747 1315 3833 poni
1329 3747 1367 3811 in

314 3873 391 3919 esse.
438 3851 505 3917 Sed
531 3848 601 3917 haec
623 3847 820 3915 universalia
844 3846 1032 3934 propositio,
1050 3868 1146 3913 omne
1172 3848 1367 3935 contingens

314 3958 366 4020 cst
396 3975 522 4034 verum,
552 3973 620 4018 non
651 3955 702 4017 est
727 3947 891 4037 possibilis
920 3953 960 4013 ut
986 3954 1130 4036 ponatur
1159 3949 1195 4014 in
1225 3972 1302 4030 esse,
1333 3954 1369 4015 et

313 4056 445 4122 dicatur
468 4054 648 4142 aliquando
672 4052 760 4139 quod
782 4050 828 4116 sit
853 4072 954 4116 vera:
996 4051 1076 4137 quio
1099 4050 1169 4137 ejus
1191 4051 1370 4139 singularia

312 4158 391 4226 licei·
406 4159 476 4224 sint
498 4156 676 4246 possibilia,
691 4160 804 4221 tumen
827 4174 931 4219 unum
954 4153 1050 4218 alteri
1071 4159 1295 4241 comparatum
1317 4160 1368 4222 cst

314 4262 345 4328 ai
365 4260 635 4349 incompossibile,
650 4258 728 4347 quia
753 4261 832 4323 suut
861 4255 1120 4322 contradictoria
1167 4256 1357 4345 Utrumque

348 4552 355 4583 ¹
368 4551 404 4617 ct]
424 4566 473 4602 om.
491 4549 522 4602 Τ.
900 4545 989 4596 ’etate
1000 4545 1029 4596 de
1045 4546 1117 4614 aliie]
1136 4547 1244 4602 Cichero
1260 4549 1371 4614 loquitur

396 4647 398 4650 >
867 4625 894 4674 in
905 4633 970 4686 actu
981 4625 1037 4678 add
1050 4628 1081 4677 B.

351 4711 362 4741 ²
365 4709 441 4778 poni]
459 4724 509 4761 om.
528 4708 560 4763 T.
905 4705 981 4773 ιιιΙίἰ]
999 4707 1080 4771 aliter,
1098 4699 1130 4760 T.
