3586 5640
308 758 408 844 xxa]
695 776 782 826 orus
805 776 965 828 ananau
1315 772 1355 836 91

350 944 477 1026 Quinta
499 946 661 1033 estquod
694 948 801 1012 multa
831 947 968 1012 fuerunt
1001 950 1088 1014 male
1118 948 1291 1028 translata,
1323 952 1501 1048 etnnpsor

304 1051 466 1136 praeoipue
489 1050 530 1114 de
544 1050 758 1135 philosophia.
804 1050 892 1114 Nam
915 1055 1046 1136 oportet
1068 1053 1157 1137 quod
1179 1053 1358 1116 translator
1368 1036 1514 1157 ffinm

304 1154 386 1218 sciat
417 1153 589 1218 scientiam
621 1174 720 1238 quam
751 1153 826 1217 vult
858 1152 1055 1218 transferre¹
1092 1161 1126 1219 et
1159 1155 1243 1219 sciat
1276 1155 1515 1233 duaanumarous;

306 1255 444 1342 linguas,
477 1277 498 1320 a
538 1276 605 1342 qua
636 1258 671 1320 et
715 1255 752 1318 in
790 1276 889 1340 quam
922 1252 1089 1321 transfert
1145 1257 1212 1321 Sed
1244 1256 1356 1321 nullus
1368 1235 1526 1358 mm

305 1359 403 1422 seivit
434 1358 565 1445 linguas
596 1356 662 1421 nisi
685 1356 823 1421 Boetius
856 1357 897 1422 do
930 1358 1182 1424 translatoribus
1215 1359 1497 1440 famosisexeeptaa

170 1509 172 1512 >
305 1460 416 1523 nullus
445 1459 599 1525 scientias
630 1459 695 1523 nisi
718 1459 870 1523 dominus
894 1459 1059 1525 Robertus
1085 1462 1255 1548 episeopus
1279 1461 1356 1526 Lin-

305 1562 487 1642 oolnionais,
522 1584 580 1648 per
613 1561 854 1648 longitudinem
885 1561 969 1629 vitae
1001 1568 1036 1628 et
1067 1563 1289 1649 experientiae,
1324 1570 1359 1629 et

306 1664 551 1730 studiositatem
573 1685 611 1729 ao
634 1663 861 1751 diligentiam
898 1669 933 1729 et
955 1664 1034 1750 quia
1056 1666 1154 1731 scivit
1176 1666 1357 1731 mathema-

306 1767 408 1832 tioam
431 1772 467 1832 at
491 1767 739 1854 perspectivam,
772 1770 807 1831 et
840 1766 952 1852 potuit
984 1767 1096 1831 omnia
1126 1769 1228 1848 scira
1260 1767 1359 1833 simul

307 1891 381 1934 aum
403 1869 465 1934 hoo
487 1869 577 1955 quod
598 1872 732 1933 tantum
764 1866 862 1932 seivit
894 1868 933 1932 de
967 1868 1090 1955 linguis
1122 1870 1211 1954 quod
1244 1870 1358 1956 potuit

307 1971 487 2058 intelligere
509 1975 641 2036 sanatos
664 1976 699 2035 et
720 1969 930 2056 philosophos
952 1974 987 2036 st
1009 1971 1173 2057 sapientes
1195 1973 1356 2058 antiquos

308 2074 374 2139 Sed
395 2096 462 2139 non
484 2073 569 2140 bene
592 2073 690 2139 seivit
711 2072 841 2158 linguas
874 2078 914 2138 ut
948 2073 1142 2139 transferret
1175 2075 1239 2139 nisi
1271 2075 1358 2141 eirea
1370 2083 1487 2136 Gmtere

306 2176 462 2241 ultimum
496 2177 577 2242 vitas
609 2195 686 2256 suaa,
722 2174 854 2260 quando
885 2177 1018 2240 vooavit
1041 2176 1179 2255 Graeoos,
1210 2183 1245 2244 et
1277 2150 1527 2271 feoitffifflimo

305 2279 406 2344 libros
422 2279 653 2344 Grammatioae
668 2275 791 2343 Graecae
806 2277 848 2341 de
864 2275 992 2343 Graecia
1006 2283 1041 2343 et
1063 2278 1137 2344 aliis
1159 2283 1356 2368 oongregari.
1368 2284 1494 2350 Euam

307 2382 375 2447 Sed
407 2382 465 2448 isti
498 2402 601 2469 pauca
631 2378 897 2446 transtulerunt.⁸
951 2379 1020 2444 Alii
1043 2402 1122 2445 vero
1145 2383 1203 2468 qui
1225 2383 1358 2448 infinita
1369 2351 1526 2469 ffl‘ffld

309 2485 403 2571 quasi
437 2487 671 2551 converterimt
702 2483 738 2547 in
772 2481 931 2548 Latinum
963 2487 1003 2547 ut
1025 2480 1190 2549 Gerardus
1225 2483 1357 2551 Oramo-
1369 2486 1491 2602 {5⁰:8¹2st

307 2588 424 2666 nensis,
449 2586 590 2654 Michael
613 2584 738 2662 Sootus,
763 2584 927 2650 Aluredus
950 2584 1119 2672 Anglious,
1145 2586 1358 2653 Hermannus
1420 2555 1524 2619 θάψ’

307 2690 518 2767 Alamannus,
543 2695 578 2756 et
604 2688 783 2754 translator
806 2685 1003 2752 Meinfrodi⁸
1034 2711 1140 2776 nuper
1171 2712 1192 2753 a
1224 2691 1358 2756 domino

306 2814 381 2880 rege
405 2792 524 2859 Oarolo
556 2789 698 2870 devieti3
730 2788 766 2852 hi
792 2796 1071 2875 praesumpserunt
1104 2791 1360 2857 innumerabilia

305 2895 490 2974 transferre,
507 2891 564 2959 sed
586 2914 647 2958 nec
669 2890 820 2957 scientias
842 2910 902 2956 neo
923 2890 1053 2976 lingtras
1067 2891 1242 2970 sciverunt,
1258 2894 1359 2958 etiam

308 3021 374 3063 non
408 2997 576 3062 Latinum.
636 2992 726 3058 Nam
756 2992 793 3056 in
826 2992 906 3057 loeis
937 2993 1030 3077 quasi
1065 2994 1359 3060 innumerabilibus

306 3105 436 3188 ponunt
450 3098 599 3186 linguam
613 3102 804 3162 maternam.
845 3095 897 3160 Ut
919 3114 993 3158 oum
1008 3094 1045 3158 in
1060 3095 1144 3159 libro
1160 3095 1212 3160 De
1226 3103 1358 3183 vagata-

306 3203 430 3267 bilibus
450 3199 641 3266 Aristotelis
655 3197 805 3274 habetur,
829 3200 848 3232 “
858 3195 1031 3262 boboam*
1051 3197 1087 3261 in
1102 3197 1236 3262 Perside
1250 3201 1359 3284 pemi-

308 3312 326 3339 “
348 3302 563 3370 oiosissimum
577 3295 882 3388 transplantatum⁶
896 3297 1105 3365 Hierusalem
1120 3301 1161 3366 fit
1176 3303 1359 3368 oommesti-

308 3412 326 3442 “
348 3405 442 3471 bile.”
478 3404 644 3471 Belaaam
659 3407 709 3468 est
724 3400 951 3487 Hispanicum,
968 3407 1003 3466 et
1016 3403 1126 3468 nullus
1141 3402 1285 3470 Parisios
1299 3426 1360 3470 nee

306 3509 342 3573 in
357 3507 481 3595 Anglia
503 3511 613 3593 potest
634 3524 693 3591 per
714 3503 805 3567 illam
828 3503 1079 3569 translationem
1101 3507 1182 3571 seire
1205 3507 1285 3592 quid
1308 3512 1359 3572 est

308 3610 463 3678 belaoaoa
471 3632 486 3690 ,·
509 3630 584 3674 oum
606 3614 719 3673 tamen
735 3605 874 3692 quaesivi
890 3605 1075 3692 diligenter,
1092 3613 1127 3671 et
1142 3609 1256 3673 inveni
1271 3609 1359 3693 quod

308 3720 358 3778 est
379 3707 612 3799 jusquiamus,⁶
632 3729 691 3774 seu
713 3728 824 3773 semen
846 3707 1055 3793 cassilaginis,
1080 3709 1168 3793 quod
1189 3710 1277 3773 idem
1300 3716 1357 3775 est

310 3815 356 3881 Et
378 3816 424 3881 sio
447 3814 488 3880 de
510 3813 583 3878 aliis
605 3811 666 3877 vix
688 3809 907 3876 numerandis.
954 3809 999 3874 Et
1021 3809 1096 3874 ideo
1118 3811 1176 3875 isti
1207 3811 1293 3876 male
1324 3817 1360 3878 et

308 3919 446 4005 pessime
467 3913 719 3993 transtulerunt,
743 3916 778 3978 et
800 3911 1083 3978 oonturbaverrmt
1113 3916 1219 3977 totam
1252 3913 1357 3999 philo·

309 4020 457 4107 sophiam
489 4040 548 4106 per
580 4016 830 4105 perversitatem
864 4013 1099 4079 translationis.
1144 4014 1191 4080 Et
1212 4017 1357 4082 maximo

307 4122 384 4188 libri
418 4117 608 4187 Aristotelis
643 4120 722 4184 sunt
753 4117 911 4183 destructi
942 4137 1000 4204 per
1033 4115 1103 4196 hoo,
1146 4117 1204 4204 qui
1244 4123 1357 4185 tamen

341 4368 509 4435 'vmsmq
527 4367 664 4428 merri,
680 4367 712 4418 Τ.
806 4423 808 4426 ⁵
887 4360 1026 4427 ⁴btlenmn]
1050 4360 1167 4418 βελίνων.
1197 4362 1277 4416 Arist
1297 4363 1355 4430 napi

339 4484 415 4536 ²Sed
442 4487 506 4536 aa.
527 4519 535 4536 .
554 4522 561 4535 .
582 4523 588 4537 .
609 4484 806 4551 tamtularuat]
853 4440 1123 4589 *fmhffim
1171 4520 1213 4573 Sic
1251 4522 1354 4588 corrigit

307 4581 356 4615 ⁰¹¹¹·
375 4565 405 4617 Τ·
853 4597 879 4648 in
896 4613 975 4664 marg.
993 4599 1024 4650 T.
1037 4620 1044 4660 3
1066 4601 1239 4665 transplatum,
1255 4600 1286 4654 B.

340 4668 514 4738 'Meiasradss
534 4670 666 4738 Monaesi,
683 4672 713 4723 B.
885 4677 1068 4745 Ἰωνίην]
1086 4674 1256 4746 hyosciamus,
1269 4681 1340 4735 Gale.
