3586 5640
457 748 500 811 80
836 761 964 812 nocam
988 761 1134 814 ascours
1415 753 1506 838 [cnr.

455 936 678 1003 consideratio.
755 936 844 1001 Nam
878 943 918 1002 ut
956 937 1088 1024 probem
1134 939 1222 1025 quod
1260 941 1365 1007 sancti
1402 941 1510 1028 primo

454 1037 641 1106 habuerunt
663 1038 900 1125 philosophiam
916 1045 950 1104 et
964 1039 1160 1127 sapientiam
1183 1045 1289 1107 totam
1311 1048 1508 1130 antequam

453 1140 640 1228 philosophi
666 1139 823 1220 infideles,
850 1140 987 1206 revolvo
1013 1147 1123 1208 totum
1153 1148 1283 1230 tempus
1306 1165 1327 1209 a
1348 1145 1508 1232 principio

454 1243 579 1322 mundi,
610 1241 794 1308 discurrens
830 1262 889 1327 per
927 1263 1038 1308 omnes
1069 1248 1185 1310 aetates
1222 1250 1257 1311 et
1294 1247 1419 1325 eaecula,
1451 1247 1504 1313 ut¹

452 1343 621 1411 inveniam
658 1342 789 1429 quando
819 1343 925 1429 primo
954 1343 1089 1410 fuerunt
1118 1345 1240 1432 singuli
1270 1347 1328 1432 qui
1365 1349 1507 1434 aliquem

452 1445 589 1511 titulum
611 1444 782 1531 sapientiae
809 1444 1004 1526 habuerunt,
1029 1446 1099 1512 eive
1122 1446 1191 1513 sint
1216 1453 1323 1534 poe'tae
1348 1451 1506 1536 praclari,

453 1547 523 1613 sive
561 1546 706 1633 Sybillae,
737 1546 807 1612 sive
845 1550 970 1632 septem
1003 1547 1174 1633 sapientes,
1213 1549 1283 1614 sive
1321 1552 1506 1639 philosophi

452 1649 511 1735 qui
536 1655 612 1736 post
636 1649 710 1714 illos
736 1653 862 1735 septem
887 1655 1060 1729 venerunt,
1088 1651 1145 1735 qui
1171 1673 1239 1716 non
1264 1652 1444 1720 voluerunt
1473 1678 1507 1720 se

451 1772 567 1818 vocare
594 1751 757 1839 sapientes
791 1750 848 1816 sed
877 1754 1039 1816 amatores
1065 1751 1261 1836 sapientiae3
1284 1754 1373 1819 unde
1400 1757 1506 1841 philo·

451 1853 573 1940 sophus
595 1857 646 1920 est
667 1858 795 1918 amator
816 1851 1012 1939 sapientiae3
1046 1856 1081 1916 et
1110 1851 1299 1939 principalis
1337 1855 1378 1919 de
1416 1856 1506 1920 istis⁹

452 1960 487 2022 et
512 1954 637 2043 primus
660 1954 725 2021 fuit
749 1954 963 2042 Pythagoras
1008 1952 1097 2018 Nam
1119 1974 1194 2019 cum
1221 1953 1397 2040 quaesitum
1423 1956 1506 2021 fuit³

451 2056 495 2124 ab
517 2079 565 2139 co,
588 2056 699 2139 “Quis
713 2061 799 2122 esset
810 2053 851 2122 l’'
865 2053 1035 2142 respondit
1053 2053 1143 2140 quod
1158 2054 1390 2143 philosophus;
1413 2063 1447 2123 et
1462 2059 1504 2124 ab

451 2181 490 2225 eo
520 2180 633 2226 omnes
662 2164 777 2247 postea
805 2158 993 2224 habuerunt
1023 2157 1085 2223 hoc
1113 2178 1257 2241 nomen;
1286 2158 1378 2246 prius
1415 2160 1504 2225 enim

451 2261 656 2328 vocabantur
676 2257 783 2347 sophi,
799 2258 835 2324 id
857 2263 916 2336 est,
932 2258 1105 2345 sapientes
1152 2257 1226 2326 Hoc
1248 2265 1359 2327 autem
1381 2262 1506 2349 capitu-

451 2363 522 2429 lum
547 2368 598 2429 est
626 2383 753 2429 summe
781 2361 973 2438 notandum,
1002 2361 1079 2446 quia
1116 2381 1184 2426 non
1210 2363 1316 2428 solum
1346 2364 1506 2431 certificat

452 2465 513 2531 hoc
536 2462 715 2550 principale
737 2463 913 2542 intentum,
939 2461 995 2527 sed
1021 2462 1181 2528 certificat
1203 2465 1316 2530 omnia
1337 2487 1411 2551 quse
1427 2473 1506 2532 sunt

451 2566 488 2633 in
507 2565 589 2632 coelo
609 2571 644 2631 et
664 2565 701 2630 in
719 2569 868 2644 terrast
887 2568 994 2630 totam
1011 2563 1208 2649 sapientiam
1228 2565 1504 2654 philosophorum,

451 2674 487 2736 et
512 2667 658 2735 ostendit
681 2666 778 2732 nobis
803 2667 891 2733 unde
916 2665 1105 2732 habuerunt
1130 2666 1219 2752 quod
1248 2668 1290 2733 de
1319 2669 1506 2734 coelestibus

452 2771 536 2837 mira
573 2769 697 2847 dicunt,
735 2774 770 2834 et
807 2768 848 2834 de
893 2767 1025 2833 secretis
1062 2770 1191 2834 naturae
1222 2773 1256 2833 et
1293 2769 1503 2834 scientiarum

451 2873 663 2962 magnalium,
678 2875 714 2937 et
735 2870 776 2937 de
798 2869 903 2948 sectis,
927 2874 963 2936 et
985 2867 1026 2934 de
1041 2868 1122 2949 Deo,
1146 2873 1181 2934 et
1202 2869 1243 2934 de
1265 2875 1355 2936 secta
1370 2870 1503 2952 Christi,

451 2983 487 3043 ct
516 2977 557 3042 de
587 2976 752 3041 virtutum
782 2971 1027 3060 pulchritudine
1049 2975 1084 3036 et
1113 2970 1223 3056 legum
1246 2971 1448 3049 honestate,⁴
1470 2981 1505 3039 et

450 3079 493 3145 de
516 3079 589 3144 vito
612 3082 738 3145 aeterna
758 3073 900 3163 gloriosa
921 3078 956 3138 ct
982 3070 1114 3159 poenali,
1145 3077 1180 3137 et
1202 3072 1242 3137 de
1271 3074 1506 3140 resurrectione

450 3186 663 3256 mortuorum,
680 3177 770 3244 etde
792 3175 951 3242 omnibus
998 3173 1087 3238 Nam
1110 3172 1294 3260 philosophi
1317 3175 1506 3242 habuerunt
1623 3257 1627 3262 ,

449 3284 520 3350 haec
565 3280 677 3346 omnia
721 3300 742 3343 a
786 3276 910 3343 sanctis
955 3275 1044 3356 Dei;
1082 3275 1171 3340 unde
1208 3275 1393 3364 philosophi
1439 3301 1506 3344 non

449 3384 650 3450 invenerunt
672 3380 743 3447 haec
767 3380 881 3466 primo,
909 3399 969 3443 nec
998 3372 1120 3456 home,⁶
1144 3377 1201 3442 sed
1232 3378 1323 3444 Deus
1344 3380 1506 3447 revelavit

448 3486 517 3551 suis
554 3484 683 3549 sanctis.
745 3481 833 3546 Nam
871 3481 945 3567 quis
975 3480 1073 3545 homo
1106 3499 1165 3566 per
1202 3502 1237 3546 se
1275 3488 1385 3567 posset
1423 3484 1505 3549 scire

449 3587 605 3666 coelastia,
636 3590 672 3651 ct
709 3583 832 3649 indicia
869 3603 979 3647 rerum
1016 3602 1075 3668 per
1111 3601 1160 3663 ea,
1198 3587 1233 3647 et
1269 3583 1337 3648 alia
1372 3585 1505 3650 infinita

449 3711 524 3777 qnae
568 3686 717 3754 scribunt
754 3683 961 3772 philosophil
1021 3682 1117 3749 Certe
1154 3705 1215 3749 nec
1250 3684 1415 3766 Salomon,
1445 3711 1504 3753 nec

448 3792 559 3857 Adam
580 3789 754 3867 maximus,
783 3807 843 3851 nec
868 3783 1008 3870 aliquis,
1039 3786 1095 3850 sed
1118 3785 1209 3851 Deus
1230 3783 1323 3876 ipse⁸
1344 3789 1504 3853 revelavit

448 3893 553 3980 legem
590 3911 684 3958 suam
721 3886 852 3966 sanctis,
889 3891 924 3952 et
953 3886 1204 3973 philosophiam,
1242 3893 1376 3974 propter
1407 3888 1504 3954 intel·

447 3992 570 4060 lectum
584 3993 675 4081 legis,
690 3995 725 4057 et
747 3988 978 4068 extensionem,
996 3993 1030 4054 ct
1052 3987 1287 4074 probationem,
1303 3995 1338 4054 et
1360 3991 1504 4075 promul·

446 4096 622 4182 gationem,
654 4099 689 4159 et
722 4090 971 4170 defensionem
1009 4095 1043 4155 et
1081 4091 1116 4153 hi
1155 4088 1261 4155 sancti
1299 4090 1503 4176 scripserunt

479 4405 539 4472 ἐκ]
557 4412 590 4464 et,
606 4403 638 4456 Τ.
1034 4396 1128 4466 ‘ispum
1136 4397 1269 4466 honestate]
1278 4397 1405 4451 honestate
1411 4399 1505 4465 legum,

479 4485 530 4536 ’dc
558 4483 625 4550 iuris]
657 4489 683 4536 ct
710 4481 805 4548 primus
827 4481 859 4533 dc
884 4479 947 4541 istis,
1001 4479 1033 4531 Τ.

450 4564 481 4616 Τ.
1035 4561 1098 4608 'nec
1108 4555 1187 4624 Ιιαιιο]
1206 4573 1255 4608 om.
1272 4557 1303 4609 T.

480 4641 562 4710 'suitJ
580 4642 669 4705 luerat,
686 4642 718 4693 T.
1034 4637 1098 4689 ‘aad
1108 4637 1180 4690 Dm
1196 4638 1261 4704 ὄρσε]
1281 4654 1329 4690 om.
1346 4637 1378 4690 Τ.
