3586 5640
716 782 804 834 orus
825 784 942 836 ursus
1287 772 1352 838 325

348 955 510 1022 Telemus
542 961 710 1044 peccatum
742 962 800 1037 est,
825 959 914 1045 quod
944 958 1010 1024 illae
1033 958 1178 1024 scientim
1201 963 1352 1043 quatuor,
1364 968 1411 1018 ard
1422 968 1512 1033 Faue,

304 1078 378 1142 quae
399 1063 478 1123 sunt
499 1059 536 1123 in
558 1081 620 1124 usu
643 1060 877 1146 theologorum,
908 1066 987 1126 sunt
1017 1061 1060 1126 ah
1090 1061 1137 1125 eis
1166 1062 1298 1148 ignotae,
1318 1065 1353 1124 et
1364 1036 1470 1158 fflffl

304 1158 379 1223 ideo
401 1160 567 1246 accipiunt
588 1162 721 1226 infinita
743 1161 825 1226 falsa
839 1167 875 1226 et
897 1161 1031 1227 inutilia
1046 1162 1087 1227 de
1109 1161 1175 1227 illis
1198 1161 1351 1240 scientiis,
1365 1173 1513 1224 Alexander

303 1265 405 1345 atque
442 1260 544 1326 dubia
580 1285 639 1348 pro
677 1263 783 1342 certis,
814 1267 848 1328 et
892 1262 1031 1327 ohscrua
1067 1285 1126 1350 pro
1163 1263 1281 1350 plania,
1319 1239 1486 1356 etssffleoe

306 1362 471 1447 superflua
507 1367 607 1448 atque
639 1363 784 1429 defectus
814 1365 1066 1430 necessariorum
1103 1365 1288 1451 patiuntur,
1319 1369 1353 1429 et
1365 1372 1454 1423 earlier

305 1463 473 1529 maculant
504 1463 703 1549 theologiam
734 1465 875 1531 infinitis
906 1466 1057 1552 peccatis,
1081 1488 1155 1551 qum
1187 1488 1228 1531 ex
1262 1440 1515 1553 igno-“hwm‘

305 1565 416 1629 rautia
438 1586 521 1651 pura
542 1566 729 1651 procedunt.
777 1567 873 1646 Quod
888 1569 1051 1654 praecipue
1065 1573 1158 1654 patet
1172 1567 1234 1632 hoc
1248 1568 1354 1633 modo.

306 1665 395 1730 Nam
417 1688 491 1732 cum
514 1667 669 1753 ignorant
691 1667 820 1753 linguas
834 1668 957 1733 alienas
979 1691 1000 1733 a
1021 1670 1141 1753 quibus
1155 1673 1229 1734 tota
1251 1669 1356 1755 phile·

306 1767 430 1853 sophia,
454 1768 540 1833 sicut
573 1767 748 1853 theologia,
773 1769 928 1854 procedit,
952 1775 1082 1855 oportet
1120 1792 1174 1835 eos
1203 1771 1355 1856 ignorare

307 1869 554 1957 philosophiam,
586 1870 672 1936 sicut
695 1870 775 1934 satis
805 1875 898 1956 patet
929 1891 971 1935 ex
1000 1874 1147 1937 tractatu
1170 1871 1211 1937 de
1233 1871 1356 1958 linguis

308 1992 405 2056 quem
436 1971 526 2039 facie.
573 1972 662 2037 Nam
690 1993 751 2037 nec
772 1976 905 2037 textum
938 1978 1075 2058 possunt
1102 1973 1294 2059 intelligere,
1323 1978 1358 2039 et

307 2094 501 2159 corrupere;
524 2094 584 2139 nec
607 2073 828 2160 expositiones
850 2077 1022 2139 auctorum
1044 2073 1136 2150 scire,
1150 2075 1228 2159 quia
1254 2073 1360 2138 mixta

308 2179 386 2239 sunt
418 2175 531 2239 omnia
553 2175 677 2253 Graeco,
701 2175 854 2254 Hebraeo,
878 2179 913 2239 et
947 2175 1089 2240 Arabico
1101 2198 1109 2254 ;
1135 2181 1270 2262 propter
1299 2176 1360 2240 hoc

310 2276 399 2360 quod
428 2281 578 2342 auctores
607 2281 643 2341 et
680 2297 791 2341 omnes
821 2277 985 2363 sapientes
1023 2277 1155 2361 antiqui
1193 2277 1361 2342 sciverunt

308 2377 471 2442 rationem
497 2378 696 2464 linguarum.
742 2377 871 2444 Deinde
897 2400 972 2443 cum
1002 2378 1276 2456 mathematicam,
1300 2379 1361 2444 im-

309 2477 462 2564 possibile
496 2482 547 2543 est
579 2478 668 2564 quod
689 2478 796 2544 sciant
819 2479 1067 2566 philosophiam,
1092 2502 1134 2545 ex
1163 2479 1225 2545 hac
1254 2502 1360 2561 causa,

309 2585 410 2665 atque
443 2584 576 2666 propter
601 2579 822 2666 ignorantiam
853 2581 997 2648 scientiae
1030 2582 1294 2668 experimentalis
1327 2587 1362 2647 et

308 2681 473 2766 asymis,
488 2681 575 2747 sicut
597 2681 767 2747 evidenter
787 2684 823 2746 in
845 2683 1044 2749 tractatibus
1066 2684 1106 2748 de
1128 2685 1194 2748 illis
1216 2684 1361 2750 scientiis

314 2781 490 2869 [ostendoJ.
538 2781 674 2862 Iterum,
706 2784 802 2849 ahter
830 2784 892 2849 hoc
922 2806 1094 2870 possumus
1124 2785 1252 2865 videre;
1282 2807 1361 2850 nam

309 2885 420 2951 nullus
442 2907 555 2952 eorum
578 2886 636 2971 qui
658 2886 781 2974 scripta
802 2893 1002 2972 componunt
1024 2887 1106 2972 legit
1127 2887 1187 2950 has
1209 2886 1362 2952 scientias

309 2993 451 3072 quatuor
473 2989 594 3074 quihus
612 2993 754 3054 utuntur
776 2988 929 3074 theologi,
946 3009 1005 3053 nec
1027 2987 1167 3064 audivit,
1185 2989 1272 3072 quod
1287 2989 1361 3072 plus

310 3095 370 3169 cst,
394 3089 556 3175 praecipue
586 3090 769 3155 naturalem
799 3089 1047 3176 philosophiam,
1070 3110 1131 3153 nec
1160 3088 1361 3175 metaphysi-

311 3213 391 3267 cam,
417 3190 458 3256 de
480 3190 600 3276 quibus
621 3191 813 3276 gloriantur,
836 3212 896 3256 nec
918 3190 1152 3257 revelationem
1178 3191 1302 3256 habent
1323 3196 1363 3256 ut

312 3291 451 3377 planum
472 3297 531 3372 est,
555 3292 687 3378 quando
710 3296 839 3377 oportet
865 3293 953 3377 quod
975 3292 1025 3357 illi
1048 3292 1105 3378 qui
1127 3292 1186 3358 has
1210 3292 1362 3359 Summas

309 3393 463 3470 fecenrnt,
499 3399 534 3460 et
567 3393 805 3480 ignoraverunt
836 3393 989 3459 scientias
1014 3417 1087 3479 quae
1118 3400 1197 3460 sunt
1230 3396 1266 3460 in
1300 3418 1362 3461 usu

310 3494 536 3580 theologorum
559 3495 679 3560 nostris
702 3494 825 3560 diebus.
887 3494 980 3560 Duos
1007 3495 1095 3560 enim
1123 3498 1182 3582 qui
1214 3497 1363 3563 fecerunt

311 3595 434 3682 scripta
463 3597 607 3661 vidimus
637 3596 739 3661 oculis
770 3597 900 3674 nostris,
936 3601 971 3661 et
1004 3596 1123 3662 scimus
1157 3599 1246 3683 quod
1276 3621 1362 3662 nun·

312 3719 411 3782 quam
443 3697 600 3763 viderunt
632 3698 785 3763 scientias
819 3698 892 3763 illas
930 3697 1049 3783 quibus
1078 3697 1271 3783 gloriantur,
1304 3719 1363 3763 nec

311 3799 517 3864 audiverunt.
563 3799 652 3864 Nam
682 3801 711 3863 si
741 3799 782 3865 de
809 3800 937 3865 duobus
967 3799 1155 3865 doctoribus
1176 3799 1362 3886 principali-

311 3901 373 3966 bus
394 3901 456 3967 hoc
484 3922 617 3987 possum
640 3900 764 3981 docere,
788 3901 830 3966 de
859 3901 934 3965 aliis
956 3900 1048 3966 nulla
1069 3901 1121 3964 vis
1148 3897 1205 3966 est.

356 4001 583 4068 Necessarium
605 4002 738 4089 quidem
762 4008 812 4067 est
835 4002 896 4068 hoc
919 4002 1035 4080 doceri,
1060 4001 1139 4087 quia
1160 4005 1253 4066 totus
1275 4021 1364 4066 error

314 4103 417 4169 studii
438 4105 535 4170 saevit
556 4126 615 4190 per
645 4105 846 4170 occasionem
869 4103 1008 4168 istorum
1039 4103 1187 4182 duorum,
1212 4102 1364 4187 quamvis

313 4204 401 4271 fiunt
422 4205 631 4284 excusabiles,
655 4206 734 4291 quia
765 4205 823 4270 alii
849 4203 976 4269 faciunt
999 4204 1062 4268 sibi
1085 4203 1284 4269 occasionem
1305 4225 1365 4290 per

312 4305 402 4384 istos,
435 4307 492 4391 qui
523 4308 674 4373 nesciunt
705 4306 908 4373 conditiones
934 4305 1076 4371 illorum.
1126 4305 1223 4371 Unus
1252 4311 1364 4371 autem

314 4408 447 4473 illorum
469 4408 609 4474 duorum
632 4415 682 4474 est
703 4413 861 4488 mortuus,
885 4409 969 4473 alius
992 4407 1100 4488 vivit,
1132 4409 1190 4494 qui
1216 4413 1364 4473 mortuus

318 4513 369 4573 eat
391 4509 456 4574 suit
478 4511 584 4576 bonus
607 4511 712 4590 homo,
730 4515 764 4576 et
786 4511 887 4586 divae,
904 4515 939 4575 et
957 4509 1203 4575 archidiaconus
1217 4531 1365 4596 magnus,

323 4616 359 4675 et
381 4612 536 4698 magister
558 4613 594 4677 in
617 4613 783 4698 theologia
804 4613 855 4677 sui
870 4612 1031 4698 temporis.
1077 4611 1164 4677 Nam
1187 4634 1288 4698 quum
1315 4611 1365 4674 in·
