3586 5640
449 760 513 824 402
825 770 956 824 nouum
979 772 1126 824 ulcorra
1408 755 1499 845 [cer.

385 1031 394 1047 .
448 950 607 1016 babemus
643 969 750 1015 mores
787 967 908 1014 eorum.
969 950 1057 1031 Quia
1085 947 1288 1035 impossibile
1327 949 1379 1012 est
1416 947 1506 1033 quod

450 1053 612 1139 sapientia
635 1056 702 1117 stet
728 1072 802 1120 cum
833 1057 972 1138 peccato,
998 1053 1055 1118 sed
1085 1053 1194 1116 virtus
1223 1050 1367 1137 perfecta
1396 1051 1507 1135 requi-

449 1155 536 1220 ritur
550 1154 593 1219 ad
617 1175 698 1234 eam,
724 1158 763 1218 ut
791 1154 928 1220 inferius
953 1154 1193 1221 demonstrabo.
1240 1152 1306 1218 Sed
1330 1173 1390 1239 pro
1414 1158 1505 1218 certo

449 1259 477 1324 si
503 1261 638 1323 tantum
652 1256 693 1322 de
718 1256 881 1343 sapientia
904 1258 1069 1336 existeret,
1089 1261 1252 1343 quantum
1276 1259 1423 1342 apparet,
1439 1274 1507 1319 non

449 1359 568 1425 fierent
597 1358 663 1424 ista
692 1359 729 1424 in
758 1356 892 1423 mundo.
939 1358 1039 1426 Nunc
1069 1363 1181 1424 autem
1203 1357 1414 1423 verissimum
1444 1361 1505 1433 est,

450 1459 539 1547 quod
561 1463 672 1526 totum
694 1459 842 1525 studium
864 1465 915 1525 est
937 1461 974 1525 in
996 1461 1063 1526 fine
1078 1459 1298 1546 corruptionis
1320 1480 1341 1522 a
1363 1457 1505 1545 quadra-

451 1565 547 1650 ginta
572 1563 675 1643 annis,
698 1563 776 1628 licet
802 1568 998 1649 procurante
1022 1563 1165 1628 Diabolo
1191 1562 1313 1628 habeat
1338 1560 1507 1625 infinitam

328 1701 374 1734 eun
453 1665 686 1752 apparentiam
733 1664 778 1730 Et
799 1664 949 1729 homines
978 1665 1125 1752 corrupti
1155 1665 1192 1728 in
1220 1664 1331 1729 studio
1361 1684 1506 1729 corrum-

284 1753 403 1868 sonipes
454 1773 580 1855 puntur
610 1768 647 1832 in
676 1767 749 1832 vita
776 1766 817 1832 de
843 1766 1045 1845 necessitate,
1074 1771 1109 1832 et
1133 1771 1259 1832 exeunt
1288 1766 1331 1830 ad
1360 1766 1508 1852 regimen

454 1869 595 1936 eeclesiae
625 1873 660 1935 at
682 1889 866 1957 regnorum,
899 1874 934 1933 et
963 1873 1111 1955 praesunt
1141 1868 1284 1935 consiliis
1313 1867 1507 1954 principum,

453 1977 489 2039 et
511 1992 715 2060 magnorum,
738 1976 773 2037 et
795 1971 1005 2058 prelatorum,
1030 1976 1065 2037 et
1089 1971 1155 2036 toti
1178 1971 1300 2058 populo
1325 1969 1508 2050 laicorum3

454 2075 532 2160 quia
561 2079 691 2162 oportet
720 2077 760 2138 ut
791 2073 897 2159 qualis
929 2074 975 2138 sit
1003 2073 1102 2138 homo
1131 2074 1168 2138 in
1195 2073 1305 2138 studio
1332 2072 1509 2159 sapientiae

454 2197 581 2262 semper
610 2177 687 2241 talis
712 2176 757 2240 ait
782 2175 819 2239 in
844 2174 925 2240 vita
980 2175 1115 2241 Veritas
1144 2176 1233 2240 enim
1264 2175 1348 2240 bene
1377 2175 1510 2262 cognita

454 2298 522 2342 non
558 2283 669 2364 potest
705 2299 773 2343 non
802 2278 915 2358 amari,
954 2279 1033 2364 quia
1070 2299 1131 2343 sua
1167 2277 1412 2364 pulchritudine
1449 2298 1510 2342 nos

454 2380 568 2460 trehit,
593 2386 628 2446 et
657 2381 803 2445 utilitate
824 2385 926 2459 tenet,
950 2385 985 2445 et
1021 2380 1266 2467 magnificentia
1302 2379 1397 2466 cogit
1443 2377 1511 2446 Sed

453 2483 604 2568 probatio
635 2482 819 2546 dilectionis
845 2487 896 2546 est
923 2481 1085 2548 exhibitio
1117 2483 1231 2569 operis,
1256 2486 1295 2548 ut
1317 2482 1399 2547 dicit
1428 2481 1511 2547 Gre-

314 2665 320 2678 .
454 2585 564 2669 gorius
576 2582 609 2664 3¹
643 2588 678 2648 et
699 2583 773 2648 ideo
796 2604 870 2647 oum
901 2589 1030 2649 tantam
1054 2585 1295 2670 corruptionem
1317 2585 1398 2650 vitae
1421 2583 1511 2649 vide·

454 2705 527 2751 mus
565 2684 695 2770 ubique,
728 2689 763 2749 et
785 2685 930 2750 maxime
952 2685 990 2750 in
1012 2686 1144 2766 clericis,
1181 2707 1311 2751 necesse
1345 2686 1511 2771 estquod

454 2807 566 2852 eorum
604 2786 751 2852 studium
789 2787 834 2851 sit
864 2793 1063 2873 corruptum.
1141 2786 1239 2868 Quod
1269 2786 1512 2853 considerantes

454 2890 554 2956 multi
580 2889 743 2977 sapientes
773 2892 808 2954 et
831 2890 1040 2955 revolventes
1070 2889 1216 2954 divinam
1239 2890 1444 2977 sapientiam,
1476 2895 1512 2955 et

455 2993 609 3060 scientiae
639 2996 836 3071 sanctorum,
860 2996 894 3056 et
927 2992 1086 3057 veritates
1118 2992 1339 3069 historicum,
1372 2997 1406 3057 et
1437 3014 1511 3080 pro-

456 3097 584 3181 phetias
625 3117 693 3162 non
743 3094 848 3159 solum
892 3114 998 3158 sacras
1035 3093 1092 3158 sed
1129 3095 1283 3172 salubres,
1325 3099 1364 3160 ut
1402 3093 1513 3179 Sybil-

456 3197 569 3272 larum,
596 3197 736 3274 Merlini,
759 3195 899 3280 Aquilae,
925 3195 1085 3275 Festcnis,
1109 3201 1143 3261 et
1165 3197 1345 3261 multorum
1371 3197 1511 3262 aliorum

456 3299 651 3382 sapientum,
679 3299 890 3362 aestimabant
912 3299 1000 3383 quod
1032 3298 1085 3363 his
1117 3299 1318 3385 temporibus
1347 3299 1512 3364 instarent

456 3400 525 3463 dies
563 3396 769 3464 Antiohristi.
839 3399 947 3480 Quare
988 3422 1117 3467 neeesse
1151 3407 1203 3466 est
1234 3407 1274 3466 ut
1310 3403 1512 3488 exstirpetur

415 3499 418 3504 ’
456 3500 593 3579 malitia,
616 3505 651 3565 et
673 3505 853 3588 appareant
885 3502 980 3566 electi
1004 3503 1090 3586 Dei;
1123 3509 1183 3568 aut
1215 3505 1394 3591 praeveniet
1425 3527 1512 3569 unus

457 3602 665 3668 beatissimus
702 3595 794 3688 papa,
831 3603 888 3688 qui
926 3624 1038 3668 omnes
1076 3607 1300 3692 corruptiones
1337 3606 1433 3671 tollet
1471 3607 1512 3672 de

457 3705 576 3784 studi0,
594 3709 628 3771 et
650 3705 790 3784 ecclesia,
807 3710 842 3769 et
872 3705 1006 3786 caeteris,
1034 3711 1069 3770 et
1094 3714 1272 3773 renovetur
1297 3708 1450 3788 mundus,
1478 3714 1513 3774 et

457 3808 560 3873 intret
590 3806 760 3893 plenitudo
797 3806 956 3892 gentium,
981 3813 1015 3872 et
1037 3807 1183 3894 reliquiae
1214 3809 1317 3874 lsrael
1339 3811 1382 3875 ed
1412 3810 1511 3875 fidem

458 3914 701 3976 convertentur.
762 3907 927 3988 Quoniam
965 3909 1143 3994 Apostolus
1180 3912 1353 3975 constituit
1386 3911 1513 3976 Judaeis

458 4010 670 4078 convertendi
699 4011 877 4075 terminum
899 4010 935 4072 in
965 4012 1173 4076 conversione
1196 4012 1411 4098 plenitudinis
1434 4035 1512 4099 gen-

459 4117 553 4192 tium,
580 4115 691 4179 dicens
721 4113 764 4177 ad
787 4112 955 4177 Romanos
982 4113 1028 4178 xi.
1056 4113 1165 4200 [25.]:
1201 4113 1315 4180 “Cum
1338 4116 1514 4180 intraverit

461 4223 479 4251 “
502 4217 673 4302 plenitudo
706 4216 865 4300 gentium,
896 4220 976 4279 tunc
1009 4214 1156 4299 reliquiae
1188 4215 1289 4280 Israel
1319 4215 1513 4281 salvifient''

462 4317 506 4381 Et
536 4323 623 4381 certe
647 4317 724 4381 licet
746 4318 902 4402 scriptum
928 4317 981 4394 sit,
1006 4325 1024 4350 “
1038 4317 1078 4381 ln
1105 4338 1231 4382 omnem
1260 4322 1381 4382 terram
1407 4319 1515 4383 exivit

462 4423 593 4482 “sonus
616 4419 776 4497 eorum,'’²
791 4421 854 4497 dre,
879 4426 912 4484 et
932 4418 1106 4484 recitatum
1127 4420 1170 4484 ob
1183 4420 1350 4505 Apostolc,
1366 4420 1514 4484 nondum

497 4652 503 4680 ¹
519 4649 664 4714 Greporics]
690 4649 765 4700 llom.
775 4649 801 4730 ip
812 4650 910 4713 Evang.
919 4649 945 4700 ii.
957 4657 996 4699 30.
1015 4648 1020 4718 Ι
1066 4651 1075 4680 ²
1086 4665 1157 4700 sonus
1168 4648 1260 4714 rorum]
1274 4649 1346 4699 Ilum.
1357 4664 1383 4699 x.
1400 4654 1437 4700 18.
