3586 5640
318 804 369 888 11.]
652 820 882 869 romanorun
905 819 1031 870 ernon.
1303 806 1367 868 405

316 1017 422 1060 e1rore
456 995 499 1059 ab
531 996 604 1080 ipsa
636 995 823 1074 nativitate,
855 997 905 1061 ita
934 996 1022 1081 quod
1057 998 1159 1062 etiam
1190 1018 1263 1062 cum
1297 1019 1368 1082 per·

316 1098 410 1169 vonit
433 1097 476 1162 ad
498 1118 602 1162 annos
624 1096 838 1175 discretionis,
862 1103 896 1162 et
926 1096 1059 1162 deberet
1090 1099 1141 1164 uti
1171 1099 1308 1176 ratione,
1333 1103 1368 1163 et

315 1200 426 1264 vivere
463 1199 500 1263 in
544 1199 696 1264 omnibus
741 1200 918 1264 seeundum
956 1199 1043 1264 vires
1087 1201 1164 1286 ejus,
1203 1205 1366 1285 repugnat

316 1302 405 1365 omni
439 1301 562 1366 rationi
596 1301 681 1367 sicut
714 1302 849 1366 brutum
887 1301 1037 1380 anima13
1074 1303 1123 1368 ita
1160 1302 1248 1386 quod
1281 1302 1365 1367 nihil

314 1404 507 1489 sapientiale
538 1425 765 1488 quaereremus,
797 1403 861 1468 nisi
890 1408 1043 1490 parentes
1076 1409 1111 1469 et
1147 1403 1297 1490 magistri
1331 1409 1366 1468 et

315 1506 424 1571 caeteri
446 1506 584 1592 majores
606 1528 665 1570 nos
688 1510 841 1592 cogerent
863 1506 907 1570 ad
928 1505 1001 1571 vias
1023 1505 1150 1591 aliquas
1173 1505 1364 1591 sapientiae;

314 1612 350 1671 et
394 1612 467 1672 tum
515 1609 565 1672 ita
608 1608 745 1674 rebelles
782 1629 904 1688 sumus,
950 1607 1039 1693 quod
1083 1614 1143 1673 aut
1188 1607 1272 1671 nihil
1305 1613 1365 1672 aut

313 1731 430 1794 parum
467 1709 653 1795 proficimus
690 1711 778 1774 infra
815 1709 955 1796 triginta
1000 1710 1122 1796 primos
1159 1730 1270 1774 annos.
1318 1709 1365 1774 Et

314 1816 394 1875 tunc
415 1812 514 1899 longa
535 1812 773 1877 consuetudine
796 1812 915 1877 erroris
937 1816 972 1876 et
994 1811 1193 1899 ignorantiae
1225 1833 1265 1876 ea
1289 1833 1364 1896 quae

313 1913 455 1978 maxime
489 1915 603 1979 valent
626 1919 842 1980 contemnunt
872 1913 1031 1994 homines,
1065 1919 1100 1980 et
1133 1914 1218 1979 eirca
1241 1912 1364 1978 cineres

312 2020 347 2079 et
378 2016 558 2102 egestiones
600 2015 779 2101 sapientire,
807 2020 842 2081 et
879 2015 1011 2081 delicias
1041 2015 1122 2082 vitae
1154 2013 1294 2080 carnalis
1329 2018 1364 2079 et

313 2117 447 2182 divitias
470 2123 680 2203 occupantur.
726 2117 800 2182 Hoc
831 2117 1104 2204 impedimentum
1126 2123 1281 2183 causatur
1304 2139 1363 2204 per
1376 2131 1491 2211 original

311 2219 471 2305 originale
504 2225 681 2305 peecatum,
716 2240 782 2305 quo
811 2219 1050 2307 corrumpimur
1076 2226 1110 2286 et
1135 2221 1361 2308 depravamur,
1374 2214 1490 2320 mgr

311 2321 396 2385 sicut
418 2321 516 2386 debet
546 2321 675 2387 credere
709 2321 857 2408 quilibet
920 2321 987 2388 Sed
1018 2322 1096 2408 quia
1126 2322 1277 2389 naturale
1312 2328 1530 2410 estatemimpe·

310 2423 372 2487 hoc
402 2423 682 2510 impedimentum,
710 2428 745 2490 et
778 2446 949 2490 commune
981 2425 1140 2503 omnibus,
1164 2429 1199 2490 et
1230 2426 1267 2489 in
1300 2401 1488 2501 hoellum

310 2525 381 2590 nati
404 2531 439 2590 et
468 2527 588 2591 nutriti
622 2548 742 2604 sumus,
774 2527 849 2592 ideo
880 2525 1078 2613 negligimus
1109 2532 1144 2592 et
1175 2548 1243 2593 non
1273 2549 1362 2614 quae-

310 2628 412 2693 rimus
445 2628 599 2708 remedia,
629 2629 714 2694 sicut
746 2629 842 2694 nobis
874 2633 959 2694 esset
988 2629 1025 2694 in
1051 2629 1112 2695 hac
1134 2635 1229 2715 parte
1251 2652 1359 2695 neees-

309 2731 438 2795 sariam.
508 2730 709 2796 Deberemus
750 2730 839 2796 enim
873 2731 983 2796 dolere
1019 2735 1057 2796 et
1095 2731 1249 2817 plangere
1285 2754 1359 2796 cum

309 2833 509 2920 philosophis
542 2833 697 2918 antiquis,
722 2832 908 2898 dicentibus
938 2832 1026 2917 quod
1050 2832 1280 2917 multipliciter
1309 2838 1361 2897 est

307 2940 427 3001 natura
448 2935 590 3002 hominis
617 2934 736 2999 ancilla
757 2939 792 3000 et
814 2933 941 3012 misera,
964 2938 1005 2997 ut
1026 2932 1220 2997 Aristoteles
1246 2933 1360 2997 scribit

308 3039 343 3101 in
366 3039 472 3124 primo
497 3035 743 3122 Metaphysicae.
792 3035 838 3099 Et
871 3035 908 3097 in
935 3032 1097 3119 principio
1120 3034 1254 3098 secundi
1277 3033 1359 3098 dicit

308 3140 397 3224 quod
426 3138 613 3204 intellectus
653 3136 796 3202 hominis
826 3135 927 3200 habet
960 3156 995 3200 se
1028 3135 1072 3199 ad
1109 3157 1248 3222 eaquae
1279 3140 1359 3201 sunt

308 3241 574 3306 manifestissima
617 3239 654 3303 in
691 3261 751 3304 sua
786 3242 915 3316 natura,
953 3237 1038 3303 sicut
1080 3237 1192 3303 oculus
1229 3261 1357 3327 vesper-

308 3341 432 3406 tilionis
454 3343 499 3407 ad
520 3343 626 3406 lucem
646 3339 744 3406 solis¹
791 3340 836 3406 Et
861 3339 898 3404 in
928 3340 1077 3426 septimo,
1100 3341 1189 3427 quod
1215 3362 1254 3407 ea
1283 3365 1358 3428 quae

308 3448 385 3508 suut
411 3442 565 3508 maximae
603 3441 799 3529 cognitionis
825 3441 1003 3510 seeundum
1034 3465 1077 3524 se,
1103 3449 1182 3509 sunt
1211 3444 1358 3511 minimae

307 3545 503 3631 cognitionis
533 3545 623 3631 apud
653 3566 721 3624 nos,
752 3548 787 3610 et
817 3566 835 3609 e
864 3550 984 3611 contra
1040 3545 1086 3610 Et
1119 3545 1291 3612 Avicenna
1321 3548 1359 3613 in

306 3669 395 3714 nouo
438 3647 673 3734 Metaphysicae
711 3647 800 3724 dicit,
831 3648 920 3732 quod
954 3646 1141 3713 intellectus
1173 3655 1286 3714 noster
1323 3669 1358 3714 se

306 3749 407 3816 habet
438 3749 482 3814 ad
512 3749 657 3816 maxime
691 3748 825 3830 scibilia,
860 3749 946 3815 sicut
978 3750 1098 3815 surdus
1127 3773 1148 3815 a
1177 3751 1357 3816 nativitate

305 3853 349 3917 ad
379 3851 629 3918 delectationem
666 3851 868 3932 harmoniae;
906 3851 976 3917 haec
1009 3857 1120 3918 autem
1157 3858 1236 3917 sunt
1266 3852 1357 3918 Deus

304 3954 382 4041 ipse,
405 3959 440 4020 et
461 3953 580 4041 angeli,
603 3957 639 4018 ct
660 3953 767 4019 beatae
789 3953 917 4033 animae,
933 3958 968 4018 et
989 3953 1061 4017 vita
1082 3955 1215 4033 aeterna,
1234 3958 1268 4018 et
1289 3954 1358 4017 vir-
1437 3985 1438 3988 ¹

305 4062 402 4136 tutes,
425 4061 460 4123 et
485 4057 602 4145 gratia,
634 4060 669 4121 et
705 4055 874 4142 sapientia,
906 4060 941 4120 et
972 4055 1146 4135 daemones,
1168 4058 1204 4119 et
1236 4077 1358 4122 ammae

304 4158 477 4238 damnata,
519 4158 676 4236 infernus,
714 4156 951 4243 purgatorium,
987 4161 1122 4241 peccata
1149 4155 1355 4242 ignorantiae,

304 4266 339 4326 et
367 4283 497 4328 errores.
559 4261 643 4327 Haec
671 4263 782 4325 autem
817 4263 896 4324 sunt
930 4258 1018 4322 bona
1046 4262 1082 4323 et
1112 4258 1199 4324 mala
1233 4264 1353 4326 nostra

305 4362 387 4428 Haec
409 4369 522 4432 autem
552 4367 633 4430 eunt
663 4359 857 4449 dignissima
886 4359 1155 4441 consideratione,
1181 4365 1216 4427 et
1241 4384 1359 4428 secun·

303 4462 383 4529 dum
416 4486 451 4530 ee
474 4470 564 4533 ⁴sunt
589 4462 773 4543 manifesta,
805 4462 862 4531 sed
893 4461 1070 4527 infirmitas
1103 4462 1250 4529 humana
1283 4469 1356 4535 tur·

591 4738 593 4742 ι
700 4684 790 4753 ¹rolr's]
804 4701 921 4752 suprap.
934 4691 957 4737 ῠ.
