3586 5640
306 781 425 868 xxm]
694 799 782 850 oeus
803 799 963 850 usamuu.
1313 786 1356 858 79
1436 847 1437 850 ,

306 973 485 1039 seeundum
508 974 735 1052 substantiam,
751 975 808 1040 sed
822 994 927 1040 unum
942 977 1039 1040 extra
1061 973 1152 1038 aliud
1177 970 1356 1038 secundm

305 1076 489 1156 essentiam,
505 1081 545 1142 ut
559 1075 681 1142 artifex
701 1081 737 1142 et
751 1078 896 1142 materia
943 1076 1015 1142 Aut
1036 1080 1146 1163 potest
1169 1075 1292 1162 exponi
1307 1096 1357 1141 se·

305 1177 449 1242 cundum
475 1179 589 1244 modos
613 1179 742 1245 dieendi
765 1200 869 1245 unum
890 1198 960 1244 esse
985 1180 1022 1243 in
1047 1178 1123 1245 alio,
1170 1177 1259 1244 Nam
1283 1183 1357 1244 oeto

306 1284 394 1360 sunt,
415 1285 454 1345 ut
474 1280 670 1347 Aristoteles
695 1282 792 1348 docet
816 1285 934 1367 quarto
959 1277 1194 1367 Physicorum,¹
1217 1301 1357 1366 quorum

305 1403 408 1446 unum
431 1387 482 1448 est
505 1382 590 1449 sieut
614 1383 767 1449 movens⁸
789 1385 825 1448 in
840 1387 939 1456 ,moto
953 1387 988 1448 et
1002 1382 1144 1449 efficiens
1158 1384 1194 1448 in
1208 1384 1355 1449 materie.

306 1482 372 1548 Sed
395 1505 464 1549 non
487 1493 537 1550 est
562 1485 610 1550 ibi
634 1486 813 1552 secundum
837 1485 1068 1565 substantiam,
1096 1485 1153 1551 sed
1179 1486 1358 1551 seeundum

304 1584 465 1651 virtutem
487 1591 523 1652 et
548 1586 781 1669 influentiam
807 1593 847 1653 ut
873 1584 922 1652 sol
951 1592 1002 1652 est
1027 1587 1151 1672 ubique
1174 1586 1210 1652 in
1233 1586 1357 1653 mundo

305 1693 523 1773 praetemuam
550 1688 586 1753 in
600 1689 718 1756 umbra
740 1695 860 1769 temse3
890 1689 969 1776 quia
992 1689 1104 1754 influit
1126 1689 1237 1754 lumen
1261 1708 1357 1754 suum

305 1787 428 1874 ubique
458 1795 553 1856 extra
582 1790 734 1857 umbram
765 1789 879 1871 illem,⁸
908 1796 944 1856 et
973 1790 1142 1855 illuminat
1163 1789 1292 1856 stellse‘
1322 1794 1358 1856 et

305 1892 422 1956 omnia
468 1891 523 1958 sie
543 1893 647 1978 igitur
661 1899 712 1960 est
726 1894 914 1959 intellectus
934 1913 1033 1979 agene
1048 1893 1083 1957 in
1099 1892 1217 1973 anima,
1234 1893 1358 1958 scilieet

304 1994 480 2058 secumdum
516 1993 725 2061 influentiam
762 1996 814 2061 sui
839 1995 984 2077 luminis,
1008 1995 1065 2060 sed
1088 2015 1155 2060 non
1179 1995 1357 2060 seeundum

304 2095 486 2173 essentiam,
510 2095 564 2161 vel
588 2097 676 2183 quod
703 2096 771 2162 sint
802 2096 948 2183 ejusdem
979 2097 1128 2162 essentiae
1158 2099 1194 2160 et
1219 2101 1357 2174 naturae,

304 2197 426 2262 scilicet
450 2197 539 2283 quod
563 2198 631 2265 sint
654 2205 762 2286 partes
786 2200 914 2266 animae.
961 2197 1036 2263 Hoc
1066 2196 1138 2264 dico
1164 2197 1242 2283 quia
1266 2196 1358 2262 Deus

303 2318 370 2364 non
385 2298 489 2364 solum
506 2305 556 2366 est
571 2301 749 2366 seeundum
765 2300 975 2367 influentiam
991 2320 1058 2367 sues
1073 2300 1210 2364 virtutis
1225 2299 1357 2385 ubique,

304 2400 362 2466 sed
377 2403 553 2467 seeundum
569 2404 744 2468 essentiam
768 2403 839 2488 ejus
859 2404 1033 2468 infinitam.
1080 2401 1146 2468 Sed
1170 2423 1229 2467 sua
1251 2422 1356 2467 essen-

304 2502 353 2568 tia
374 2525 441 2570 non
465 2510 516 2570 est
540 2525 616 2591 pars
636 2505 774 2592 alicujus
797 2505 854 2586 rei,
869 2527 929 2572 nee
951 2505 1097 2591 ejusdem
1127 2509 1256 2571 naturae
1282 2524 1357 2570 eum

305 2604 425 2690 aliquo,
457 2605 542 2673 sieut
570 2606 623 2673 hie
661 2607 805 2694 ponitur,
836 2608 925 2693 quod
960 2607 1148 2674 intellectus
1184 2628 1285 2695 agens
1322 2612 1358 2673 et

305 2705 469 2793 possibilis
504 2706 590 2774 sint‘⁵
619 2714 729 2796 pantes
769 2710 868 2775 unius
906 2714 1045 2791 naturae,
1077 2709 1199 2775 seilicet
1236 2710 1357 2775 animae

304 2809 484 2874 rationalis.
526 2807 563 2874 Si
587 2810 691 2898 igitur
714 2809 783 2877 haee
809 2811 1021 2898 pertractatio
1045 2811 1266 2896 conjungatur
1285 2831 1358 2897 pro·

304 2910 437 2992 bationi,
455 2932 530 2996 quae
555 2916 606 2978 eet
628 2912 664 2976 in
683 2912 789 2998 Opere
806 2912 934 2998 Majori,
961 2913 1025 2976 en't
1048 2910 1184 2997 pulchra
1209 2915 1244 2975 et
1265 2913 1359 2978 utilis

304 3012 520 3079 eonsideratio
546 3013 698 3080 veritatis
722 3011 851 3094 istius,⁶
866 3034 940 3099 quae
966 3019 1037 3078 tam
1060 3012 1248 3078 solemniter
1274 3019 1359 3079 trae·

304 3118 397 3179 tatur
421 3114 456 3180 in
479 3114 686 3203 philosophia
705 3119 741 3183 et
760 3115 797 3179 in
812 3113 986 3203 theologia,
1011 3113 1089 3182 lieet
1112 3133 1187 3182 eum
1213 3115 1359 3181 maximo

305 3236 423 3282 errore.

720 3561 801 3628 οη
818 3560 944 3628 xxm

303 3753 491 3922 estDeleant
516 3753 619 3841 probo
646 3752 734 3840 quod
756 3759 830 3822 tota
852 3757 980 3846 sapient
981 3756 1014 3825 ia
1039 3760 1254 3849 philosophiae
1277 3763 1356 3828 data
1366 3779 1526 3898 Philosophy
1633 3778 1634 3782 ’

390 3855 528 3938 a,De0
562 3855 639 3942 quia
677 3858 782 3924 sancti
828 3859 1022 3947 patriarchae
1059 3867 1094 3929 et
1130 3865 1297 3952 prophetae
1334 3888 1355 3930 a
1366 3847 1508 3978 ξ”ξξῃω

304 3957 464 4046 principio
487 3959 603 4023 mundi
630 3981 702 4025 eam
726 3968 919 4049 receperunt
942 3988 963 4030 a
985 3964 1078 4031 Deo·
1071 3966 1221 4053 ,quibus
1244 3967 1356 4034 Deus'
1365 3981 1439 4032 archs
1449 3981 1500 4031 and

304 4060 397 4127 dedit
419 4060 660 4148 longitudinem
689 4062 841 4145 vitae3e
844 4062 972 4133 thaee⁸
1001 4073 1051 4136 est
1080 4067 1178 4135 valde
1208 4071 1355 4137 notanda
1365 4047 1490 4112 prophet·

336 4373 344 4404 ¹
356 4379 443 4437 quarto
448 4370 619 4444 deeieorum]
629 4375 730 4443 Physie.
738 4375 817 4436 Aus-¹
890 4379 972 4445 οαι’νιι]
992 4381 1032 4445 sit,
1051 4383 1081 4435 Τ.

304 4448 407 4504 cultiv.
420 4452 443 4501 3.
889 4461 1021 4511 “mitade
1039 4463 1123 4531 iatine]
1148 4464 1220 4518 istius
1237 4462 1357 4528 veritatis,

339 4531 465 4597 movens]
484 4546 588 4585 movens
604 4542 648 4594 est,
666 4535 696 4585 B.
857 4537 888 4589 T.

340 4608 438 4676 'illamJ
458 4626 536 4670 snam,
553 4611 583 4662 Τ.
891 4616 998 4685 ’Deus]
1017 4635 1066 4671 om.
1085 4620 1117 4678 Τ.

339 4687 454 4757 wellas]
473 4705 560 4742 omnes
576 4691 666 4754 stellas,
683 4688 714 4745 Τ.
891 4695 976 4763 'hoec]
998 4698 1046 4758 hie,
1062 4699 1093 4751 B.
