3586 5640
344 795 454 884 xtra]
738 811 826 861 orus
848 810 1007 862 resnou.
1333 799 1397 864 163

338 991 414 1051 alire
435 985 501 1051 nisi
524 984 604 1050 dum
623 984 671 1050 ibi
694 985 739 1050 sit
762 986 824 1051 lux
844 1007 1030 1071 generans3
1051 1006 1129 1073 ergo
1157 1007 1225 1052 non
1248 992 1397 1054 maneret

341 1109 416 1153 oaro
446 1087 585 1168 nutrita,
618 1109 677 1153 nso
717 1093 823 1167 aneta,
863 1088 929 1153 nisi
966 1089 1045 1154 dnm
1083 1089 1206 1174 species
1244 1089 1396 1156 alimenti

343 1195 491 1256 maneret
516 1192 553 1256 in
583 1212 688 1256 earne.
735 1191 801 1256 Sed
830 1191 952 1277 speeies
974 1212 1043 1256 non
1072 1196 1123 1257 est
1152 1211 1205 1256 res
1235 1192 1311 1270 fixa,
1336 1213 1396 1258 neo

343 1299 457 1359 manet
478 1293 515 1358 in
537 1314 573 1358 re
596 1293 649 1358 oui
671 1294 883 1380 imprimitur,
907 1293 971 1358 nisi
994 1295 1031 1358 in
1056 1294 1222 1380 presentia
1245 1294 1397 1381 agentis;

344 1400 384 1461 ut
414 1395 493 1461 dum
523 1394 573 1491 sol
602 1400 652 1461 est
681 1417 778 1483 super
807 1401 929 1462 terram
967 1401 1080 1462 menet
1110 1396 1180 1482 ejus
1211 1398 1333 1484 speeies
1362 1403 1398 1464 et

343 1497 415 1583 ejus
451 1499 559 1580 oalor;
608 1499 741 1585 quando
779 1501 897 1566 oceidit
935 1499 1085 1566 aufertur
1125 1505 1312 1586 utrumque,
1356 1505 1397 1567 ut

343 1605 437 1689 patet
467 1601 508 1668 de
536 1607 641 1668 noete.
695 1602 793 1690 Ergo,
817 1603 979 1682 similiter,
1002 1609 1178 1689 postquam
1209 1604 1398 1670 substantie

343 1704 494 1771 alimenti
528 1711 721 1791 consumpta
754 1709 804 1770 est
841 1705 877 1768 in
909 1705 1002 1769 vanis
1036 1710 1071 1771 et
1105 1705 1191 1769 nihil
1227 1707 1396 1787 remansit,

345 1828 413 1874 non
442 1807 502 1873 fiet
530 1808 660 1894 speeies,
692 1828 751 1872 neo
780 1808 929 1874 manebit
957 1807 1051 1872 facta
1104 1807 1151 1872 Et
1180 1809 1209 1872 si
1239 1829 1307 1874 non
1336 1806 1398 1874 fiat

346 1910 466 1998 speeies
503 1931 598 1987 nova,
629 1931 690 1978 neo
727 1915 859 1975 maneat
896 1910 991 1990 faeta,
1023 1930 1091 1977 non
1128 1909 1187 1976 fiet
1224 1932 1308 1993 oaro,
1339 1929 1399 1979 neo

347 2012 495 2078 manebit
517 2013 612 2079 sacta.

390 2114 526 2195 Iterum,
550 2115 672 2204 speeies
703 2119 868 2202 generata,
901 2120 936 2180 st
966 2134 1018 2179 ros
1048 2120 1205 2202 generata
1229 2135 1288 2203 per
1314 2136 1397 2197 eam,

346 2216 438 2303 eujus
464 2220 630 2304 generatio
660 2223 803 2285 nonest
827 2238 1022 2305 perpuram
1046 2217 1302 2299 rarefaotionem,
1329 2239 1399 2286 non
1451 2266 1468 2286 e

346 2320 441 2386 addit
463 2321 505 2385 ed
528 2323 769 2408 quantitatem
792 2325 832 2386 ut
854 2326 947 2408 patet
970 2321 1010 2386 de
1033 2321 1104 2386 luae
1126 2327 1291 2409 generata,
1307 2327 1342 2388 et
1357 2323 1398 2389 ds

347 2423 452 2510 speeie
474 2424 590 2490 eoloris
612 2426 648 2489 in
677 2430 761 2505 aere,
789 2428 823 2489 et
846 2423 887 2488 de
916 2423 1083 2511 speciebus
1109 2425 1249 2490 aliarum
1279 2446 1397 2492 rerum.

348 2525 394 2591 Et
426 2526 496 2591 dixi
529 2527 569 2595 de
600 2549 635 2592 re
667 2527 759 2613 eujus
789 2528 958 2613 generatio
990 2548 1058 2592 non
1093 2534 1143 2593 est
1172 2551 1231 2615 per
1260 2529 1398 2595 rarefao-

347 2629 472 2694 tionem
494 2630 605 2707 solam,
632 2635 765 2717 propter
791 2629 928 2694 calorem
952 2630 1010 2714 qui
1031 2635 1208 2716 generatur
1232 2631 1290 2696 via
1311 2653 1398 2698 rare·

348 2731 509 2798 factionis.
564 2731 630 2797 Sed
658 2731 832 2818 frigiditas,
861 2736 894 2796 at
921 2730 1111 2811 humiditas,
1137 2738 1171 2798 et
1198 2733 1336 2814 siccitas,
1365 2738 1400 2800 et
1464 2816 1470 2826 ι

348 2835 413 2900 alia
435 2834 576 2913 infinita,
600 2857 668 2900 non
694 2837 894 2921 generantur
924 2855 982 2920 per
1011 2833 1266 2899 rarefaotionem.
1314 2836 1400 2902 Cum

348 2959 426 3026 ergo
455 2939 491 3003 in
518 2942 695 3026 augmento
726 2941 761 3002 et
790 2936 995 3002 nutrimento
1025 2936 1168 3001 addatur
1198 2937 1240 3000 ad
1267 2937 1399 3022 quanti·

348 3046 461 3120 tatem,
483 3047 518 3107 et
540 3062 608 3106 non
631 3044 681 3106 est
704 3044 815 3105 motus
836 3037 1068 3116 rerefsotionis,
1086 3038 1165 3123 quia
1187 3039 1320 3104 omnino
1343 3038 1401 3103 alii

349 3148 459 3210 motus
481 3149 568 3222 sunt,
585 3166 623 3210 eo
645 3142 734 3230 quod
756 3141 927 3207 rarefaotio
946 3145 996 3207 est
1018 3141 1054 3206 in
1076 3140 1175 3207 rebus
1197 3141 1399 3222 inanimatis,

349 3248 406 3313 sed
428 3269 495 3312 non
518 3248 760 3313 nutrimentum
784 3265 845 3311 neo
870 3249 1093 3331 augmentum,
1117 3266 1193 3332 ergo
1223 3266 1292 3310 non
1313 3246 1400 3311 fiunt

349 3349 537 3436 hujusmodi
559 3355 669 3415 motus
691 3371 748 3436 per
770 3348 910 3436 speeiem
932 3353 967 3414 ot
988 3348 1213 3435 operationem
1236 3349 1361 3437 speciei.

396 3453 531 3532 Iterum,
570 3452 687 3518 sortior
719 3458 769 3518 est
801 3453 909 3518 virtus
947 3451 1067 3518 animae
1097 3473 1197 3537 quam
1235 3453 1398 3535 alimenti,

350 3555 428 3642 quia
453 3555 649 3621 alimentum
671 3576 731 3642 per
757 3555 902 3621 animam
928 3554 1088 3620 alteratur
1110 3558 1144 3620 at
1170 3561 1399 3641 praeparatum

349 3663 384 3723 et
404 3657 560 3744 quioquid
581 3657 767 3723 nobilitatis
790 3657 891 3723 habet
913 3663 1061 3743 respectu
1085 3659 1227 3742 eorporis
1250 3657 1398 3736 animati,

349 3760 449 3826 habet
471 3781 531 3847 per
551 3760 671 3826 animas
692 3759 861 3839 virtutem,
880 3765 914 3824 et
937 3758 1053 3823 caloris
1076 3757 1245 3839 naturalis,
1269 3759 1327 3844 qui
1349 3763 1400 3824 est

349 3862 606 3929 instrumentum
629 3863 754 3929 animae.
801 3861 847 3925 Et
869 3861 990 3926 ite1um
1014 3865 1064 3925 est
1086 3861 1189 3946 magis
1212 3861 1309 3926 unita
1331 3879 1399 3925 oor·

348 3965 421 4054 pori
443 3965 620 4032 nutriendo
643 3987 742 4051 quam
773 3964 976 4044 alimentum,
1000 3963 1080 4049 quia
1102 3963 1213 4027 anima
1235 3967 1286 4028 est
1307 3967 1400 4028 aetus

349 4074 384 4135 et
415 4068 570 4156 perfectio
600 4068 678 4154 ejus.
736 4066 801 4132 Sed
832 4065 943 4131 anima
973 4086 1040 4131 non
1074 4069 1184 4151 potest
1217 4084 1275 4151 per
1307 4085 1400 4130 suam

349 4173 497 4261 speciem,
514 4191 574 4237 neo
599 4192 658 4259 per
680 4191 772 4236 suam
787 4168 1014 4247 substantiam,
1032 4168 1121 4255 quod
1144 4166 1219 4254 plus
1245 4172 1303 4248 est,
1326 4188 1400 4257 pro·

349 4296 481 4342 movere
512 4295 644 4340 carnem
667 4273 720 4339 vel
744 4293 779 4338 os
805 4273 841 4338 in
867 4271 941 4359 plus
972 4271 1013 4337 de
1043 4271 1236 4351 substantia,
1271 4293 1331 4339 neo
1363 4273 1400 4338 in

350 4379 423 4468 plus
446 4378 486 4443 de
509 4381 655 4464 quanto;
681 4376 759 4463 quia
781 4381 861 4441 tuno
883 4376 1123 4441 nutrimentum
1146 4398 1214 4443 non
1236 4382 1322 4443 esset
1343 4400 1399 4444 ne·

351 4481 549 4562 cessarium
582 4502 658 4567 ergo
692 4502 751 4545 nea
782 4477 1022 4544 nutrimentum
1052 4484 1163 4567 potest
1194 4481 1256 4547 hoo
1288 4479 1400 4548 faeere.

352 4586 398 4650 Et
427 4584 505 4670 quia
534 4582 722 4671 hujusmodi
751 4582 929 4669 positiones
960 4580 1090 4649 famosae
1121 4589 1157 4649 et
1186 4584 1291 4670 magis
1328 4587 1478 4670 pro-110¹
1488 4588 1536 4669 ut·

349 4686 475 4754 babilas
497 4707 564 4754 non
587 4690 723 4775 possunt
753 4688 849 4765 stare,
873 4687 953 4750 tune
975 4688 1083 4773 potest
1107 4685 1172 4753 dici
1206 4686 1294 4772 quod
1325 4687 1400 4755 sub·
1411 4664 1565 4773 dmi·

1209 4802 1266 4864 nt
