3586 5640
305 771 365 860 m]
704 787 792 838 orus
814 788 975 840 runrruu.
1294 778 1354 844 191

304 959 414 1038 habet,
449 965 489 1026 ut
522 961 564 1026 de
598 966 691 1027 motu
725 962 855 1043 dimne,
877 967 1012 1050 propter
1034 963 1272 1031 cavillatoriam
1307 965 1359 1030 iu·

304 1066 471 1145 stantiam,
501 1065 559 1130 sed
596 1067 636 1131 de
668 1070 741 1131 toto
775 1072 921 1153 tempore
959 1067 1048 1153 quod
1079 1067 1146 1132 erit
1175 1068 1247 1134 eine
1281 1067 1357 1146 fine,

304 1175 363 1235 aut
386 1167 475 1255 quod
504 1168 622 1234 saltem
651 1173 760 1254 potest
789 1169 983 1250 continuari,
1011 1169 1040 1234 si
1063 1169 1156 1234 Deus
1185 1170 1270 1249 vult,
1301 1193 1360 1258 per

305 1277 433 1338 motum
460 1271 544 1352 coeli,
575 1277 609 1338 et
642 1272 759 1337 saltem
797 1272 834 1337 in
868 1271 1018 1350 inferno,¹
1051 1273 1087 1338 in
1124 1274 1270 1339 motibus
1301 1275 1360 1362 qui

305 1381 403 1442 erunt
433 1376 469 1440 in
490 1374 626 1456 inferno,
650 1397 708 1462 per
738 1376 949 1441 alterationes
978 1381 1013 1441 et
1042 1398 1157 1463 poenae
1188 1376 1360 1443 damnato-

305 1502 387 1559 rum,
411 1501 485 1566 quae
516 1484 614 1544 erunt
647 1480 683 1544 in
716 1485 811 1545 motu
842 1484 877 1543 et
910 1483 1064 1566 tempora
1110 1479 1156 1545 Et
1184 1483 1265 1546 ωηο
1296 1481 1361 1546 erit

305 1581 411 1648 simile
441 1583 482 1647 de
512 1582 681 1660 aevitemo,
707 1586 741 1647 et
765 1582 806 1647 de
829 1581 890 1647 tali
913 1581 1096 1669 temporali,
1122 1583 1211 1668 quod
1233 1603 1361 1669 semper

305 1685 390 1764 erit3
424 1684 503 1770 quia
536 1685 622 1750 sicut
655 1684 769 1750 eadem
804 1706 959 1750 mensura
980 1684 1171 1771 temporalis
1190 1691 1361 1752 mensurat

305 1808 373 1853 esse
396 1788 473 1853 talis
503 1787 676 1854 successivi
707 1794 741 1853 et
763 1788 1026 1868 continuitatem,
1057 1788 1103 1854 sic
1126 1787 1190 1853 erit
1213 1788 1254 1853 de
1277 1810 1358 1868 aevo,

305 1891 394 1977 quod
417 1891 504 1956 idem
533 1890 741 1956 mensurabit
772 1911 841 1956 cese
871 1891 919 1957 rei
949 1895 984 1956 et
1011 1891 1288 1971 continuitatem
1325 1897 1360 1957 et

305 1994 378 2059 ideo
400 1993 603 2081 partibilitas
627 1994 761 2059 omnino
788 1993 1023 2075 evacuabitur3
1055 1994 1134 2079 quia
1148 2014 1215 2059 non
1230 1999 1360 2080 ponunt

305 2117 388 2175 eam,
411 2096 477 2162 nisi
511 2101 646 2184 propter
678 2096 935 2162 continuitatem
957 2118 1026 2162 esse
1049 2097 1152 2184 ipsius
1186 2097 1339 2164 aeviterni
1351 2120 1360 2178 ;

305 2221 382 2265 nam
406 2199 442 2263 in
464 2200 537 2286 ipso
559 2222 627 2265 esse
650 2222 718 2265 non
740 2205 870 2287 ponunt
891 2204 1019 2287 partem
1043 2206 1078 2267 et
1100 2205 1236 2287 partem.

350 2302 416 2368 Sed
439 2305 555 2368 contra
576 2302 637 2367 hoc
660 2309 711 2368 est
733 2302 856 2389 triplex
886 2302 981 2368 fortis
1003 2303 1152 2389 objectio.
1207 2302 1287 2370 Una
1309 2304 1495 2370 estPintob·

306 2406 393 2493 quod
416 2410 497 2471 tunc
519 2405 617 2470 simul
650 2411 685 2470 et
716 2405 817 2471 semel
839 2411 925 2472 esset
956 2406 1070 2471 anima
1102 2405 1208 2494 patrie
1231 2411 1266 2472 et
1287 2373 1533 2494 filialffitffifj

305 2515 340 2575 et
377 2511 499 2574 creatio
533 2509 651 2574 mundi
674 2512 709 2573 et
739 2509 862 2574 creatio
894 2509 1013 2577 animae
1045 2509 1141 2576 ietiue
1179 2510 1237 2596 qui
1271 2506 1509 2575 nunctheatuer

305 2613 460 2693 nascitur,
494 2614 582 2699 quod
615 2612 751 2679 videtur
781 2611 969 2678 absurdum.
1024 2613 1113 2678 Nam
1145 2612 1214 2680 haec
1248 2575 1528 2696 omniaffiil‘tffl

306 2721 460 2782 creantur
490 2717 526 2781 in
558 2737 653 2795 aevo;
692 2715 771 2802 quia
801 2715 922 2782 creatio
945 2716 1053 2781 estin
1085 2715 1151 2797 illo,
1181 2722 1216 2781 et
1248 2709 1502 2790 omniobssimul:

306 2824 415 2885 creata
448 2824 682 2885 mensurantur
713 2840 752 2884 eo
779 2824 941 2905 quantum
975 2819 1018 2883 ad
1052 2839 1121 2882 esee
1154 2840 1250 2883 suum
1285 2840 1358 2904 pro·
1371 2781 1445 2920 321⁰?
1445 2792 1515 2894 ἓξὲξ

305 2921 434 3009 prium;
483 2923 539 2986 sed
577 2926 735 3008 generata
766 2943 833 2986 non
863 2927 898 2986 et
929 2920 1115 3006 corporalia
1188 2919 1226 2985 Si
1255 2920 1360 3006 igitur
1371 2914 1431 2959 ¹¹⁰⁰·

306 3031 357 3090 ast
379 3045 488 3091 aevum
519 3023 732 3104 indivisibile,
756 3045 824 3088 non
858 3022 984 3087 habens
1006 3025 1134 3108 partem
1161 3025 1197 3086 et
1218 3027 1358 3109 partem,

306 3133 341 3193 et
374 3127 440 3192 fuit
462 3148 483 3190 a
505 3125 666 3213 principio
697 3125 822 3203 mundi,
858 3125 937 3210 quia
971 3124 1114 3189 mundus
1148 3129 1276 3189 creatus
1310 3129 1360 3190 est

306 3231 342 3297 in
365 3252 404 3295 eo
428 3234 511 3309 toto,
535 3235 570 3295 at
593 3234 644 3295 est
674 3251 762 3294 nunc
792 3229 828 3292 in
850 3249 888 3292 ec
911 3230 992 3305 toto,
1017 3226 1128 3292 anima
1158 3225 1254 3291 iatius
1287 3227 1357 3292 nat'

306 3334 402 3399 modo
425 3337 505 3398 tunc
535 3332 692 3397 simulet
724 3331 824 3396 semel
856 3335 944 3411 sunt,
978 3333 1142 3415 quantum
1164 3329 1207 3395 ad
1229 3351 1359 3396 mensu·

305 3457 378 3500 ram
411 3436 579 3522 propriam
611 3456 680 3500 suae
712 3433 905 3499 durationis.
968 3432 1014 3497 Et
1044 3432 1094 3498 ita
1125 3432 1171 3498 eic
1194 3434 1292 3499 simul
1323 3439 1359 3500 et

305 3539 404 3603 semel
441 3544 579 3625 possunt
622 3537 688 3601 dici
734 3558 803 3602 esse
848 3536 885 3600 in
919 3535 1078 3601 terminia.
1155 3533 1201 3600 Et
1243 3541 1358 3601 tamen

306 3647 356 3707 eet
393 3640 575 3728 longissimi
620 3639 778 3726 temporie
819 3638 985 3704 distantia,
1055 3637 1101 3704 Et
1143 3642 1253 3724 potest
1293 3637 1359 3702 dici

307 3746 395 3831 quod
428 3744 482 3808 hic
520 3743 608 3807 fallit
640 3763 700 3807 nos
737 3741 933 3829 imaginatio
966 3740 1165 3828 temporalis,
1201 3762 1275 3826 quae
1309 3744 1360 3806 eet

304 3848 438 3934 propria
482 3846 665 3913 intellectui
719 3850 832 3910 nostro
878 3844 965 3910 sicut
1010 3843 1193 3930 corporalis.
1273 3841 1360 3922 Quia
1370 3824 1512 3945 fff'fflffl

306 3949 503 4015 Aristoteles
537 3950 618 4014 dicit
661 3949 749 4034 quod
788 3948 894 4013 omnis
932 3946 1119 4012 intellectus
1157 3949 1269 4011 noster
1308 3949 1465 4011 estonum

305 4074 379 4117 cum
407 4052 565 4117 continuo
598 4055 633 4116 et
667 4056 824 4137 tempore,
857 4050 936 4137 quia
967 4048 1052 4113 nihil
1084 4049 1189 4135 primo
1224 4051 1359 4135 aspectu
1370 4027 1520 4147 ffissmm

305 4155 505 4242 concipimus
531 4154 595 4218 nisi
630 4160 763 4239 quanta,
800 4158 839 4218 ut
871 4175 945 4240 quae
975 4152 1163 4239 quantitate
1201 4152 1490 4216 continuamediffl-

305 4261 539 4322 meneurantur
571 4256 756 4336 intrinseca,
796 4278 870 4342 quae
904 4260 955 4321 est
989 4257 1079 4320 trina
1110 4254 1270 4320 dimensio
1282 4277 1290 4334 ;
1325 4259 1360 4320 et
1372 4228 1530 4363 {ffiffiing

307 4383 380 4445 quae
411 4361 600 4445 quantitate
632 4360 816 4425 extrinseca
842 4359 1087 4442 extenduntur3
1118 4363 1157 4423 ut
1179 4362 1257 4424 sunt
1279 4362 1420 4424 tem-our
1429 4362 1512 4415 minna
