3586 5640
459 784 525 846 388
840 794 969 843 sooner
992 793 1137 842 anconrs

284 990 398 1041 remarks
455 991 531 1033 rum
568 974 603 1033 et
640 966 833 1032 animalium
878 972 912 1033 et
957 968 1137 1045 hominum,
1177 968 1356 1034 secundum
1401 991 1516 1036 omnes

285 1071 318 1105 on
330 1057 380 1106 this

284 1123 387 1187 subject.

456 1071 662 1136 diversitates
685 1091 804 1134 eorum
851 1068 916 1134 Sed
939 1070 1104 1156 persuasio
1122 1091 1265 1155 praesens
1288 1091 1355 1134 non
1377 1073 1514 1157 permit

455 1173 499 1238 tit
522 1173 605 1238 hano
628 1173 860 1258 prolixitatem.
907 1173 1078 1258 Scriptura
1108 1174 1195 1237 enim
1222 1173 1419 1260 principalis,
1443 1196 1513 1239 non

454 1277 560 1341 solum
592 1276 670 1352 haec,
695 1296 769 1360 quae
804 1273 909 1359 tetigi,
934 1274 975 1338 de
1006 1275 1148 1340 metallis
1182 1280 1217 1340 et
1250 1275 1444 1341 humoribus
1476 1282 1512 1343 et

454 1376 623 1442 elementis
657 1377 758 1442 habet
789 1377 889 1441 latius
914 1377 1092 1463 ,explicare
1132 1379 1189 1442 sed
1221 1378 1369 1442 omnium
1406 1380 1511 1444 mine·

453 1480 572 1545 iulium
606 1486 640 1545 et
676 1480 898 1545 animatorum
929 1479 1183 1564 generationem,
1218 1486 1253 1546 ct
1290 1487 1436 1559 naturas,
1476 1487 1511 1549 et

454 1583 672 1669 proprietates
695 1582 868 1668 assignare.
914 1580 1015 1646 Volui
1037 1587 1150 1647 tamen
1172 1582 1225 1648 hic
1248 1605 1427 1670 proponere
1449 1584 1511 1651 ali·

455 1707 521 1770 qua
544 1682 717 1750 extrema¹
741 1688 876 1770 propter
890 1704 1022 1748 sensum
1037 1683 1215 1749 litteralem
1238 1691 1273 1750 et
1295 1686 1508 1771 spiritualem,

453 1793 493 1853 ut
515 1787 687 1853 ostendam
711 1788 798 1872 quod
822 1786 897 1852 sciri
927 1808 994 1851 non
1009 1792 1147 1872 possunt
1168 1786 1361 1872 hujusmodi
1384 1811 1507 1869 sensus,

452 1890 516 1955 nisi
550 1890 695 1955 sciantur
729 1911 838 1955 rerum
865 1893 994 1954 naturae
1026 1895 1061 1954 et
1094 1890 1318 1975 proprietates.
1366 1890 1508 1978 Oportet

451 1993 539 2058 enirn
573 1994 679 2079 primo
711 1992 859 2057 inomni
890 1996 989 2057 textu
1011 1996 1051 2057 ut
1084 1993 1213 2070 sciatur,
1238 1994 1319 2079 quid
1345 1995 1508 2081 estquod

450 2117 508 2182 per
530 2095 668 2161 verbum
690 2091 860 2182 figuratur,
885 2101 944 2160 aut
966 2094 1064 2159 homo
1087 2094 1171 2159 nihil
1194 2095 1365 2182 intelliget,
1390 2102 1424 2162 et
1446 2119 1506 2163 suo

449 2203 547 2263 textu
569 2219 637 2262 non
658 2198 781 2283 poterit
803 2197 878 2277 uti;
900 2203 935 2262 et
957 2197 1030 2262 ideo
1061 2197 1119 2282 qui
1141 2197 1222 2283 legit
1244 2198 1449 2264 Ezechielem
1471 2206 1507 2266 et

449 2298 611 2377 Exodum,
635 2306 670 2365 et
692 2300 772 2364 alios
795 2299 895 2363 libros
925 2299 1014 2384 legis,
1038 2303 1073 2364 et
1102 2298 1144 2364 de
1166 2298 1289 2386 templo
1312 2299 1504 2382 Salamonis,

448 2406 483 2465 et
505 2402 610 2466 multa
632 2401 704 2479 aha,
728 2401 895 2487 ignorabit
917 2401 1075 2466 terminos
1098 2405 1133 2467 et
1153 2402 1321 2479 vocabula,
1336 2404 1401 2468 nisi
1423 2406 1506 2474 sciat

447 2501 693 2569 distinctionem
723 2503 843 2568 factam
875 2503 963 2568 inter
994 2525 1131 2590 cuprum
1162 2508 1197 2568 et
1229 2526 1283 2582 aes,
1306 2505 1504 2573 orichalcum

447 2608 481 2669 et
503 2605 668 2670 electrum.
714 2605 872 2670 AEstimat
894 2606 983 2670 enim
1006 2606 1125 2693 vulgus
1148 2606 1235 2692 quod
1265 2628 1310 2672 aes
1332 2607 1376 2672 sit
1399 2630 1504 2675 unum

446 2706 487 2772 de
518 2706 661 2772 metallis
692 2707 935 2794 principalibus,
960 2708 1049 2793 quod
1083 2730 1151 2774 non
1179 2714 1229 2774 est
1252 2730 1377 2788 verum,
1400 2711 1503 2777 immo

446 2831 591 2896 cuprum.
667 2812 778 2896 Atque
815 2809 928 2874 nullus
965 2809 1118 2876 advertat
1163 2811 1244 2898 quid
1281 2812 1347 2878 dici
1383 2812 1504 2880 debeat

445 2912 640 2979 orichalcum
656 2913 793 2999 proprie,
810 2917 846 2978 et
868 2913 949 3000 quid
964 2912 1129 2990 electrum,
1147 2918 1181 2978 et
1196 2913 1262 2978 tria
1276 2913 1348 2999 ejus
1363 2915 1501 3001 signata

445 3014 511 3081 Sed
549 3015 578 3081 si
614 3015 774 3082 vocabula
810 3016 1002 3102 ignorentur
1040 3020 1120 3080 tunc
1165 3020 1276 3080 totum
1320 3017 1502 3103 ignoratur.

446 3119 534 3184 Dato
556 3123 669 3183 tamen
692 3118 781 3205 quod
803 3118 943 3183 sciamus
966 3117 1046 3202 quid
1067 3139 1126 3203 per
1148 3119 1287 3183 verbum
1310 3119 1448 3199 dicatur,
1465 3125 1500 3186 et

444 3221 543 3305 quod.
562 3220 702 3285 sciamus
734 3221 822 3306 quod
850 3242 894 3285 ses
927 3219 972 3284 sit
1004 3241 1141 3304 cuprum
1175 3220 1359 3286 coloratum
1385 3222 1500 3287 durius

443 3326 478 3385 et
500 3322 669 3398 intensius,
693 3344 761 3387 non
783 3328 896 3387 tamen
919 3322 1056 3386 sciretur
1079 3322 1242 3407 quomodo
1265 3328 1442 3410 generatur
1465 3328 1499 3389 et

442 3422 592 3508 qualiter⁴
639 3424 684 3487 Et
706 3424 752 3488 sic
767 3426 808 3489 de
831 3423 993 3489 orichalco
1007 3425 1104 3510 longe
1127 3425 1233 3510 magis
1248 3431 1283 3490 et
1306 3426 1346 3490 de
1370 3425 1497 3492 electro.

442 3524 520 3590 Non
542 3524 631 3590 enim
654 3525 774 3591 sufficit
800 3527 836 3589 in
859 3526 1030 3611 Scriptura
1060 3548 1119 3612 pro
1143 3549 1240 3592 sensu
1262 3527 1400 3593 litterali
1423 3529 1498 3593 sciri

441 3628 521 3714 quid
543 3651 602 3714 per
623 3649 743 3694 nomen
766 3628 903 3706 dicatur,
928 3633 967 3694 ut
989 3628 1077 3714 quod
1107 3628 1158 3692 leo
1189 3629 1234 3693 sit
1264 3629 1386 3693 animal
1408 3630 1498 3714 quod

441 3731 562 3798 dicitur
583 3754 642 3797 rex
664 3732 852 3796 bestiarum.
899 3730 965 3795 Sed
996 3735 1128 3816 oportet
1150 3731 1238 3816 quod
1262 3731 1402 3796 sciamus
1426 3733 1496 3818 ejus

441 3840 595 3900 naturam
634 3839 669 3899 et
699 3833 925 3920 proprietates,
957 3855 1015 3918 per
1044 3855 1182 3918 quarum
1220 3832 1348 3919 aliquas
1385 3835 1497 3921 signat

426 3937 610 4003 ‘Christum
634 3942 667 4002 et
690 3959 748 4023 per
770 3936 948 4001 contrarias
971 3936 1143 4002 diabolum.
1190 3936 1279 4000 Nam
1302 3937 1330 4001 si
1352 3937 1494 4002 dicitur:

326 4119 327 4122 Ἴ
441 4045 459 4075 “
482 4039 577 4106 Sicut
609 4041 660 4105 leo
698 4041 740 4105 de
774 4039 866 4104 tribu
899 4038 1018 4117 iuda?
1050 4040 1113 4116 dic,
1150 4038 1238 4124 quod
1270 4060 1330 4124 pro
1361 4037 1494 4105 Christo

438 4141 565 4208 dicitur.
613 4143 658 4207 Et
680 4143 797 4208 beatus
820 4142 938 4206 Petrus
953 4141 1130 4227 Apostolus
1153 4141 1220 4205 ait:
1247 4140 1494 4207 “Adversarius

440 4251 457 4277 ‘⁴
479 4250 589 4309 vester
611 4244 760 4309 diabolus
775 4249 933 4329 tanquam
955 4244 1006 4307 leo
1026 4241 1190 4329 rugiens,''
1205 4244 1259 4308 &a
1307 4242 1354 4307 Et
1375 4243 1421 4308 sic
1443 4247 1494 4309 est

438 4345 478 4408 de
502 4345 652 4409 omnibus
675 4347 772 4410 rebus
790 4372 798 4426 ;
822 4347 900 4432 quia
915 4367 974 4432 pro
989 4345 1059 4432 ipso
1082 4367 1178 4409 sensu
1201 4343 1346 4422 litterali,
1364 4349 1493 4431 oportet

438 4445 519 4511 scire
541 4452 679 4512 naturas
702 4453 737 4513 et
759 4449 977 4537 proprietates
992 4470 1109 4512 rerum.
1155 4447 1220 4512 Sed
1244 4451 1356 4512 tamen
1379 4468 1493 4515 sensus

438 4600 586 4608 .-.---
794 4600 1206 4608 —.-—.---—.-—---

826 4672 833 4703 ¹
846 4671 964 4738 schema]
978 4679 1030 4732 ω,
1043 4669 1100 4721 MS.
