3586 5640
454 775 520 842 238
824 787 954 839 noosar
976 787 1124 839 moeurs
1417 776 1517 865 [cer.

452 965 576 1042 solaris
601 965 696 1050 quasi
718 963 902 1051 epi-aucto,
928 963 990 1030 boc
1008 969 1069 1040 est,
1100 970 1453 1052 super-augmentum
1475 973 1516 1035 et

453 1069 609 1156 peritios
630 1067 784 1134 undecim
807 1067 878 1133 dies
904 1066 1089 1152 majoratur
1112 1072 1195 1134 aetos
1223 1067 1314 1134 lunae
1336 1069 1373 1134 in
1397 1070 1514 1156 primo

454 1172 508 1238 die
523 1170 693 1257 sequentis
706 1169 796 1247 anni,
809 1175 845 1234 et
865 1190 926 1256 per
947 1168 1081 1237 eosdem
1102 1167 1197 1235 dics¹
1219 1171 1404 1255 majoratur
1424 1178 1515 1239 setas

453 1273 541 1339 lunae
563 1274 599 1338 in
621 1271 784 1360 principio
805 1270 982 1356 cujuslibet
1007 1272 1130 1337 mensis
1160 1271 1269 1338 firtnri
1298 1275 1379 1340 anni
1407 1295 1514 1361 snper

452 1382 585 1442 aetatsm
622 1395 717 1440 suam
753 1373 791 1439 in
823 1372 986 1460 principio
1017 1373 1196 1460 cujuslibet
1225 1375 1351 1443 mensis
1386 1377 1513 1463 prion's

452 1478 540 1545 anni
585 1476 632 1544 Et
656 1476 737 1564 quia
767 1475 957 1562 hujusmodi
988 1496 1115 1542 errores
1144 1477 1354 1565 contingunt,
1376 1499 1514 1545 necne

452 1588 504 1647 est
541 1584 580 1647 ut
616 1585 699 1648 aetas
734 1578 825 1645 luuse
862 1599 944 1645 vera
980 1582 1152 1664 queratur
1181 1579 1282 1646 aliter
1314 1601 1416 1665 qnam
1446 1603 1514 1668 per

452 1682 641 1769 hujusmodi
672 1680 790 1768 cyclos
836 1679 884 1748 Et
913 1680 1097 1748 remedium
1128 1681 1245 1748 borum
1277 1683 1426 1749 omnium
1456 1691 1514 1753 cst

452 1787 540 1872 qnod
561 1805 733 1873 possumus
754 1803 946 1871 cognoscem
960 1783 1193 1871 primationem
1215 1783 1305 1853 lunae
1324 1785 1513 1854 secundum

452 1890 629 1959 veritatem
650 1885 1198 1968 astronomicem‚siinveni1emus
1219 1891 1371 1974 tempcia
1390 1909 1512 1955 seeum

452 1993 532 2059 dnm
570 2012 674 2058 annos
711 1995 747 2057 et
783 2009 913 2057 menses
949 1987 1108 2054 Arabum
1155 1987 1245 2071 Quia
1276 1990 1402 2076 primus
1435 1990 1512 2061 dies

451 2095 626 2182 cujuslibet
648 2092 770 2159 mensis
791 2091 942 2157 Arabum
973 2096 1024 2156 est
1055 2091 1126 2156 dies
1156 2091 1399 2176 conjunctionis
1427 2092 1513 2161 solis

451 2205 486 2265 et
508 2198 595 2264 lunae
628 2196 807 2263 secundum
838 2214 953 2262 eorum
984 2194 1156 2280 utiiusque
1186 2215 1318 2261 cursum
1348 2194 1510 2264 medium.

452 2300 552 2367 Unde
589 2299 618 2365 si
656 2299 745 2365 diem
782 2296 870 2362 bunc
901 2296 1055 2362 volumus
1092 2296 1202 2363 dicere
1237 2297 1380 2385 primum
1414 2299 1506 2366 diem

450 2403 561 2469 oetutis
598 2401 696 2480 lunae,
728 2404 809 2465 tunc
846 2399 987 2486 coguitis
1024 2399 1133 2464 initiis
1168 2401 1343 2480 mensium,
1370 2423 1508 2488 cognos-

450 2511 571 2572 cuntur
592 2502 693 2569 initia
713 2499 961 2588 primationum
1008 2499 1107 2580 Quod
1129 2501 1158 2566 si
1180 2501 1323 2568 velimus
1351 2504 1509 2573 inchoare

449 2606 663 2694 primaticnes
701 2607 829 2669 nostras
866 2601 974 2689 prima
1008 2602 1062 2668 die
1093 2602 1231 2668 visionis
1267 2604 1364 2683 lunae,
1398 2605 1453 2672 vel
1484 2630 1509 2673 a

450 2709 599 2788 secunda,
623 2707 678 2774 vel
707 2728 729 2772 a
760 2704 870 2786 tertis,
902 2703 1098 2791 incipiemus
1129 2705 1344 2791 primationes
1374 2713 1508 2777 nostrus

449 2811 628 2880 secuudum
650 2809 720 2890 boc,
749 2813 784 2877 et
805 2806 1019 2895 procedemus
1060 2806 1271 2874 uniformiter
1300 2810 1338 2875 in
1370 2831 1507 2899 compu-

449 2917 576 2984 tatione
607 2912 825 2991 lunationum,
849 2915 884 2976 et
905 2929 974 2976 non
996 2909 1171 2997 proveniet
1192 2910 1290 2978 nobis
1312 2932 1411 2979 error.
1456 2913 1506 2981 Et

450 3020 529 3105 quia
565 3016 703 3084 scientia
739 3011 902 3081 annorum
940 3011 1091 3079 Arabum
1129 3018 1164 3078 et
1200 3013 1299 3080 initia
1340 3015 1505 3082 mensium

449 3142 561 3186 eorum
584 3119 680 3185 dabit
694 3139 807 3184 verum
830 3114 1052 3203 cognitionem
1074 3115 1319 3202 primaticnum‚
1340 3117 1415 3185 ideo
1436 3140 1506 3186 non

449 3227 580 3309 oportet
602 3220 666 3285 nisi
688 3240 853 3285 recurrere
874 3217 918 3283 ad
940 3216 1072 3283 tabulas
1103 3222 1138 3283 et
1171 3239 1311 3286 canones
1341 3242 1504 3288 annorum

450 3330 484 3390 et
520 3323 682 3388 meusium
713 3321 873 3397 Arabum,
906 3325 941 3387 et
974 3319 1154 3387 secundum
1188 3319 1269 3386 boc⁹
1306 3321 1504 3407 doctrinam,

450 3447 524 3512 quse
546 3424 684 3511 vulgatu
706 3426 757 3488 est
779 3423 867 3509 apud
889 3427 1094 3489 astronomos
1129 3421 1268 3489 Latinos
1303 3429 1339 3491 et
1369 3425 1505 3495 Arabes

450 3529 487 3595 Si
510 3533 622 3593 temen
644 3524 786 3591 velimus
809 3523 876 3589 ulia
897 3524 955 3590 via
979 3524 1163 3611 procedere,
1186 3545 1359 3612 possumus
1388 3528 1504 3597 eadem

449 3629 655 3710 certitudine,
672 3628 728 3694 sed
750 3627 866 3713 majori
880 3627 1077 3694 auctoritate
1097 3626 1236 3713 probare
1251 3649 1326 3714 quse
1339 3629 1502 3715 volumus,

449 3735 574 3802 scilieet
610 3752 669 3819 per
697 3728 830 3796 tabulas
861 3729 1059 3806 Graecorum,
1091 3727 1145 3796 et³
1166 3731 1310 3798 maxime
1343 3732 1502 3801 Hebraee

449 3861 531 3904 rum.
576 3834 666 3901 Nam
689 3854 710 3897 u
731 3831 891 3920 principio
924 3831 1059 3898 Hebraei
1092 3831 1230 3899 fuerunt
1251 3834 1443 3919 peritissimi
1464 3837 1502 3904 in

449 3939 611 4028 sapientia
633 3933 865 4003 astronomica.⁴
911 3934 957 3999 Et
980 3955 1093 4000 omnes
1115 3936 1266 4002 nationes
1288 3935 1502 4005 babuernnt⁶

450 4043 538 4107 banc
561 4041 731 4106 scientiam
753 4037 840 4104 sicut
862 4040 997 4103 caeteras
1019 4037 1062 4102 ab
1084 4037 1140 4116 eis,
1172 4038 1259 4105 sicut
1291 4040 1433 4125 probavi
1462 4042 1499 4107 in

448 4143 678 4231 superioribus.
739 4141 786 4207 Et
830 4140 904 4206 ideo
949 4138 978 4204 si
1023 4140 1096 4226 quis
1141 4140 1324 4208 consideret
1368 4143 1501 4211 tabulas

481 4457 565 4524 1ιίἱεε]
584 4471 633 4506 om.
646 4455 676 4505 Τ.
1032 4452 1040 4481 ⁸
1063 4451 1187 4516 supientia
1197 4453 1360 4519 mummio]
1387 4462 1499 4507 autmo-

480 4534 626 4588 'secundm
648 4533 705 4599 hec]
731 4533 778 4583 boc
804 4532 948 4594 mnndum,
997 4529 1389 4595 miaetmpientiaejmdmlt

1030 4608 1199 4675 ‘tatsmntJ
1218 4625 1267 4660 om.
1285 4609 1333 4668 Τ.;
1363 4613 1498 4680 supplying

448 4620 491 4729 ¹1¹..
500 4694 537 4762 ss}
556 4695 606 4754 κα,
618 4692 649 4744 τ,
997 4686 1075 4739 tntbs
1085 4687 1187 4754 margin
1197 4687 1386 4742 “didicerunt'’
