3586 5640
454 791 517 855 182
813 803 961 854 nouum
984 803 1131 854 pacorus
1419 784 1509 874 [cnr.

284 981 388 1060 5⁰⁰⁰(
451 979 649 1058 movebitur,
673 982 708 1043 et
734 978 783 1044 ita
806 999 874 1043 non
902 977 1061 1064 possunt¹
1089 977 1198 1064 angeli
1228 976 1300 1044 fieri
1329 943 1508 1064 praesentes

283 1051 434 1181 ffiffip,
452 1082 554 1160 nobis,
604 1104 664 1147 nec
702 1081 875 1160 dromones,
923 1103 982 1147 neo
1028 1080 1148 1147 animm
1193 1085 1313 1146 nostrae
1357 1102 1507 1168 unquam

284 1183 309 1234 1⁸
320 1185 342 1234 1⁸
354 1199 398 1234 ⁸¹¹·
452 1189 681 1270 seperarentur
695 1205 716 1248 a
731 1184 927 1271 corporibus,
944 1189 978 1250 et
993 1183 1079 1248 fiant
1101 1184 1137 1248 in
1159 1184 1239 1250 coelo
1255 1188 1290 1249 et
1305 1185 1507 1271 purgatorio,

284 1252 386 1378 saepen,
453 1309 526 1374 quae
557 1287 668 1352 omnia
706 1291 785 1351 sunt
814 1286 897 1353 falsu
927 1292 962 1352 ct
991 1285 1227 1373 impossibilia:
1274 1287 1510 1373 consequentia

454 1395 547 1477 patet
570 1412 613 1456 ex
636 1411 736 1476 supra
751 1389 866 1465 dictis;
898 1388 976 1474 quia
1001 1394 1169 1455 ostensum
1192 1395 1243 1455 est
1267 1390 1357 1476 quod
1379 1389 1409 1455 si
1438 1411 1507 1456 non

453 1492 575 1558 habeat
620 1493 726 1558 locum
764 1491 965 1557 divisibilem
1010 1514 1077 1557 non
1115 1493 1239 1579 poterit
1276 1492 1402 1559 moveri
1447 1514 1509 1559 neo

371 1669 376 1681 ,
453 1595 597 1673 mutari;
620 1600 655 1660 et
681 1596 709 1660 si
735 1594 925 1660 nonhabet
948 1595 1224 1682 comparationem
1251 1595 1362 1681 aliquo
1384 1595 1508 1661 modo²

453 1697 497 1761 ad
521 1697 628 1762 locum
650 1720 718 1764 non
733 1695 859 1783 potest³
882 1697 1003 1764 habere
1026 1699 1303 1785 comparationem
1321 1698 1508 1776 admotum

454 1800 632 1864 secundum
669 1800 785 1877 locum,
816 1800 895 1886 quia
932 1806 1042 1867 motus
1078 1800 1258 1866 secundum
1294 1800 1401 1866 locum
1439 1822 1509 1867 non

454 1906 563 1988 potest
587 1902 659 1969 fieri
682 1903 747 1968 nisi
771 1903 975 1970 considerata
998 1903 1125 1969 ratione
1155 1903 1242 1985 loci;
1265 1907 1300 1968 ct
1328 1903 1379 1969 ita
1407 1908 1508 1969 erunt

454 2004 588 2071 omnino
613 2005 795 2071 immobiles
820 2006 999 2072 secundum
1024 2006 1141 2071 locum.
1187 2006 1240 2070 Ex
1262 2027 1328 2092 quo
1349 2005 1510 2073 videntur
1531 2005 1537 2018 '

453 2107 546 2193 sequi
572 2107 837 2178 inconvenientia
864 2108 960 2175 dicta
1008 2108 1053 2173 Et
1075 2109 1137 2174 hoo
1159 2107 1365 2195 philosophia
1386 2108 1509 2175 clamat

454 2215 535 2287 tota,
559 2211 650 2296 quod
673 2211 861 2277 substantia
891 2211 1072 2298 spiritualis
1102 2216 1153 2277 est
1183 2210 1370 2292 immobilis,
1393 2233 1510 2278 secun·

453 2313 534 2378 dum
561 2313 676 2394 locum,
703 2318 743 2378 ut
765 2314 905 2379 habetur
935 2313 986 2379 in⁴
1008 2314 1094 2380 libro
1117 2313 1157 2380 de
1181 2313 1305 2393 Caunis,
1332 2317 1369 2381 et
1394 2318 1508 2382 tamen

453 2419 608 2502 operatur
636 2417 673 2480 in
710 2416 789 2481 locis
820 2416 965 2482 diversis
1027 2417 1073 2482 Et
1111 2418 1181 2483 haec
1211 2422 1262 2483 est
1299 2416 1508 2503 quorundam

453 2516 681 2605 theologorum
718 2518 837 2605 positio
874 2518 1000 2584 famosa
1038 2519 1191 2600 Parisius,
1230 2519 1379 2586 volentes
1417 2519 1508 2606 quod

453 2625 606 2707 operetur
642 2621 679 2686 in
717 2622 797 2688 coelo
834 2626 869 2686 ot
905 2622 941 2686 in
979 2627 1077 2700 terra,
1115 2623 1193 2688 licet
1228 2643 1297 2689 non
1334 2627 1509 2689 moveatur

453 2723 631 2790 secumdum
662 2723 779 2804 locum,
812 2746 872 2789 nec
902 2728 1057 2791 mutetur.
1105 2725 1246 2791 Ponitur
1275 2725 1387 2813 igitur,
1418 2724 1509 2812 quod

453 2827 545 2892 nulla
570 2826 730 2893 distantia
759 2826 935 2915 corporalis
965 2827 1104 2914 impedit
1135 2828 1357 2914 operationem
1387 2827 1507 2916 angeli,

453 2953 513 2996 nec
536 2935 686 3018 respectu
709 2929 779 3016 ejus
802 2935 853 2997 est
876 2929 988 3016 aliqua
1010 2928 1198 3018 hujusmodi
1223 2931 1402 3012 distantia;
1429 2952 1508 2997 nam

366 3024 373 3042 ’
453 3033 614 3099 distantia
651 3032 826 3120 corporalis
863 3033 906 3098 ad
936 3037 1071 3120 corpora
1099 3033 1247 3113 refertur,
1272 3033 1329 3100 sed
1363 3056 1431 3100 non
1465 3033 1509 3100 ad

454 3137 598 3223 spiritus.
658 3137 704 3202 Et
741 3135 815 3201 ideo
846 3135 875 3200 si
904 3135 1123 3222 imaginemur
1152 3137 1306 3223 angelum
1342 3135 1379 3200 in
1416 3135 1508 3214 offilo,

454 3261 511 3305 seu
541 3244 725 3325 presentem
755 3239 845 3315 coelo,
877 3259 945 3303 non
975 3244 1109 3325 propter
1138 3240 1200 3305 hoc
1232 3239 1337 3305 distat
1365 3261 1387 3304 a
1419 3244 1510 3305 terra

454 3341 615 3407 distantia
644 3341 813 3428 corporali,
844 3341 922 3426 quia
961 3347 1110 3428 respectu
1141 3341 1210 3427 ejus
1239 3342 1333 3407 nulla
1362 3347 1419 3420 est,
1450 3342 1510 3408 aed

454 3449 603 3530 respectu
626 3444 777 3531 corporis,
800 3448 841 3508 ut
863 3443 967 3509 stellae
990 3443 1025 3508 in
1048 3443 1129 3509 coelo
1151 3445 1355 3525 existentes3
1378 3449 1412 3510 et
1434 3442 1509 3511 ideo

455 3547 589 3634 angelus
628 3549 771 3634 praesens
801 3545 882 3612 coelo
913 3551 1023 3633 potest
1060 3547 1187 3633 operari
1225 3548 1260 3611 in
1298 3551 1396 3626 tenu,
1423 3551 1459 3613 et
1490 3569 1510 3613 e

455 3673 637 3732 convers03
669 3656 704 3717 et
735 3671 801 3715 non
840 3654 891 3715 est
916 3651 981 3715 nisi
1019 3649 1077 3714 ubi
1108 3654 1271 3736 operatur,
1302 3650 1388 3716 sicut
1425 3649 1511 3717 dicit

455 3755 577 3841 positio
607 3754 835 3841 theologorum
865 3752 1105 3839 praedictorum,
1133 3751 1187 3818 vel
1216 3775 1283 3818 non
1314 3753 1412 3820 debet
1442 3753 1509 3820 dici

455 3857 574 3922 alicubi
605 3879 672 3922 esse
702 3855 767 3921 nisi
797 3879 854 3942 per
893 3856 1122 3942 operationem,
1154 3855 1208 3921 vel
1238 3855 1326 3943 quod
1364 3856 1510 3943 operatio

455 3961 527 4046 ejus
557 3961 601 4024 sit
631 3958 753 4025 alicubi
782 3959 819 4023 in
849 3958 931 4025 coelo
961 3959 1016 4025 vel
1045 3958 1082 4022 in
1112 3963 1200 4025 terra
1212 3983 1221 4040 ;
1247 3960 1305 4026 sed
1334 3959 1404 4046 ejus
1433 3960 1509 4027 aub-

456 4064 582 4129 stantia
622 4084 788 4149 nusquam
832 4067 882 4128 est
919 4062 1068 4128 localiter
1104 4083 1162 4148 per
1199 4061 1510 4130 determinationem

456 4165 595 4249 alicujus
624 4165 710 4245 looi;
749 4164 828 4251 quia
857 4164 958 4230 situm
989 4187 1057 4229 non
1086 4163 1194 4231 habet.
1256 4165 1301 4231 Et
1331 4165 1405 4231 ideo
1435 4187 1509 4231 cum

456 4258 591 4352 angelus
629 4268 728 4332 duxit
765 4272 800 4333 et
836 4267 973 4334 reduxit
1011 4267 1156 4346 Tobiam,
1184 4268 1330 4354 operatio
1366 4268 1437 4354 ejus
1474 4273 1516 4335 eti

489 4627 495 4660 ¹
511 4626 626 4695 possunt]
645 4629 747 4694 possint,
758 4631 788 4682 Bt
1045 4635 1158 4704 'polrsq
1178 4635 1277 4702 polerit,
1294 4637 1323 4690 B.

489 4710 499 4740 ¹
515 4706 609 4774 aliquo]
623 4711 697 4762 modo
713 4726 762 4763 om.
776 4711 806 4762 T.
1044 4718 1053 4748 ⁴
1071 4717 1109 4782 ia]
1128 4732 1176 4768 om.
1189 4717 1219 4767 Τ;
